3304 4928
319 407 375 486 so
752 445 796 454 -
844 406 939 489 [νει]
989 445 1029 454 -

315 623 366 666 res
402 600 570 666 historicas
608 607 641 666 et
677 601 913 686 mythologiccs
971 601 1112 686 Cumque
1148 599 1263 665 Suidss
1299 599 1469 683 praecipue

315 706 533 792 glossogmphi
552 729 683 774 munere
702 707 861 792 fungatur,
883 709 961 790 quid
979 710 1102 785 mirum,
1121 708 1206 791 quod
1225 727 1264 771 ex
1282 707 1389 772 codice
1407 727 1468 771 suo

314 814 548 898 Aristophaneo
581 836 651 880 oum
683 814 875 881 scholiorum
905 821 1029 899 partem
1060 815 1113 881 uel
1144 822 1246 881 totam
1277 815 1311 878 in
1342 813 1468 878 lexicon

315 942 407 986 suum
424 922 553 1004 recepit,
571 943 652 1006 quse
670 921 815 1005 proprius
835 923 955 1005 glossas
973 942 1144 1004 serumque
1162 919 1469 1004 circumscriptiones

315 1026 517 1092 continebat?
842 1083 846 1091 .

404 1133 474 1199 Huc
505 1133 667 1217 portinent
689 1155 745 1198 sse
776 1135 890 1200 breues
921 1134 1156 1210 adnotationes,
1189 1134 1304 1220 quibus
1335 1131 1466 1198 Suidam

315 1262 385 1306 cum
404 1241 528 1306 Zonnrs
546 1240 723 1305 consentire
744 1261 841 1326 supra
857 1242 1040 1307 memoraui.
1076 1239 1259 1324 Sequuntur
1269 1239 1294 1326 ¹)
1318 1240 1466 1324 propriae

315 1348 466 1432 glossae
489 1347 776 1424 interlinearem
798 1347 829 1412 h.
848 1367 874 1412 e
892 1347 1087 1431 singularum
1106 1368 1220 1412 uocum
1239 1345 1350 1411 breuis
1368 1347 1466 1411 inter·

316 1461 523 1539 pretamcntc„
537 1453 652 1537 quibus
661 1452 776 1518 Suidas
787 1454 903 1518 nostris
913 1454 1074 1518 codicibus
1085 1454 1306 1538 Aristophanis
1315 1459 1467 1536 praestet,

314 1561 404 1626 uelut
430 1560 473 1625 od
499 1559 557 1641 Eq.
586 1583 612 1624 v.
642 1561 661 1624 8
690 1562 809 1645 Δεῦρο·
838 1555 979 1640 ἐνθάδε,
1010 1559 1065 1626 ἐπὶ
1095 1567 1158 1625 τοῦ
1184 1556 1363 1644 παρόντος.
1410 1561 1467 1624 καὶ

317 1668 416 1751 δεῦρο
450 1657 501 1730 αἐὶ
529 1658 605 1732 ἀντὶ
633 1653 708 1746 τοῦ,
735 1666 828 1751 μέχρι
860 1675 922 1732 τοῦ
949 1663 1128 1752 παρόντος.
1166 1667 1318 1752 σημαίνει
1344 1665 1380 1731 δὲ
1410 1666 1467 1730 καὶ

316 1764 355 1838 τό
379 1772 468 1838 ἐλθέ.
515 1774 558 1836 43
582 1774 767 1860 Νουμηνία,
790 1763 810 1860 ἢ
833 1780 896 1838 τοῦ
918 1766 1022 1858 μηνὸς
1046 1766 1137 1860 α’ρχή.
1184 1774 1228 1836 44
1251 1775 1465 1858 Βυρσαίετος·

319 1930 409 1944 ....
434 1866 641 1967 σκυτο-όίυης
665 1872 825 1960 Ἀττικόν,
847 1879 1057 1966 βυρσοδέψης
1081 1880 1117 1944 δὲ
1141 1865 1301 1945 Ἀσιανόν.
1342 1879 1385 1943 49
1409 1901 1466 1942 κο-

317 1981 514 2070 σκυλματια·
556 1993 635 2052 τῶν
667 1991 825 2072 βυρσῶν
862 1978 908 2050 τὰ
947 1981 1188 2070 σμικρότατα
1225 1981 1465 2070 περικόμματα.

320 2095 378 2158 141
411 2085 584 2178 Ὑπερφυᾶ
611 2093 745 2180 τέχνην·
780 2144 897 2158 .....
932 2084 1194 2178 ἀλλαντοπώλης
1227 2084 1246 2157 ὁ
1279 2083 1320 2156 τὰ
1348 2085 1467 2175 ἔντερα

269 2269 275 2284 Ι
316 2187 457 2264 πωλῶν·
507 2200 567 2263 197
597 2195 737 2285 Μάρψῃ·
768 2195 929 2282 συλλάβῃ,
958 2194 1179 2284 διαχρήσηται.
1227 2199 1293 2262 220
1320 2199 1467 2281 Συμβαλ-

317 2323 427 2370 νουσι·
449 2293 748 2392 σομπρόττουσιῖ),
767 2313 1036 2387 συμφωνοῦσι.
1084 2305 1148 2370 248
1172 2300 1337 2390 Τελῶνης·
1357 2296 1376 2369 ό
1395 2310 1467 2368 τῶν

317 2416 426 2476 τελῶν
446 2408 592 2498 ἐταστής.
623 2413 687 2476 292
709 2404 979 2495 Άσκαρδαμυκτὶ·
1000 2463 1006 2474 .
1028 2462 1034 2475 .
1056 2463 1063 2475 .
1084 2397 1228 2496 {topic
1249 2417 1321 2475 τοῦ
1338 2406 1468 2494 μύειν,

318 2509 338 2584 ό
362 2516 469 2583 ἐστιν
497 2510 641 2602 όγρὶοος
667 2516 831 2598 βλέπειν
855 2567 861 2580 .
883 2567 889 2580 .
911 2567 945 2581 ..
972 2512 1236 2602 σκαρόαμύσσειν
1260 2516 1468 2600 λέγεταικαὶ
1525 2583 1535 2600 ,

317 2623 488 2689 ἰλλοιπεῑν.
531 2616 875 2708 ιίσκαρδαμυκτεῑν
904 2611 1043 2688 οὖντὸ
1068 2617 1148 2687 ἄνω
1176 2621 1346 2702 βλέπειν.
1401 2623 1466 2687 327

318 2732 484 2810 Λεὶβεται·
507 2742 578 2806 τοῖς
602 2726 759 2815 δακρύοις
783 2725 957 2815 διάβροχος
975 2730 1111 2812 γίνεται.
1156 2730 1220 2793 347
1245 2716 1468 2810 Miconos-db

318 2834 351 2902 οἱ
370 2828 433 2918 ἀφ’
454 2831 566 2919 ἑτέρας
584 2832 716 2913 πόλεως
733 2832 957 2919 μεταστάντες
975 2837 1033 2900 καὶ
1052 2835 1098 2912 εἰς
1113 2822 1229 2920 ἑτέραν
1247 2835 1421 2913 οἰκοῦντες
1429 2839 1466 2920 ³).

318 2943 383 3007 359
416 2943 610 3028 Προσὶεταν
652 2934 837 3027 ἀρέσκεται,
868 2941 1134 3027 προσόέχεταιλ).
1199 2943 1264 3006 553
1305 2935 1466 3009 Ἁνδόνει·
1564 2945 1569 2952 ’

318 3037 460 3136 ἆρῖσκει,
478 3047 577 3132 μέλει.
615 3048 679 3112 596
699 3044 962 3135 Ξυνδιήνεγκαν·
988 3047 1188 3132 συνέκαμον,
1201 3035 1467 3134 ’ὧνεπρόξαντο

319 3207 409 3221 ....
435 3147 508 3220 rivel
533 3163 594 3219 τοῦ
618 3147 857 3240 ὑπερὴνεγκαν.
904 3155 969 3220 682
993 3148 1123 3235 Ὀβολοὶ
1152 3154 1188 3220 δὲ
1216 3153 1301 3220 εἰσὶν
1329 3145 1388 3231 οὓς
1410 3179 1468 3220 κα-

318 3267 442 3346 λοῦμεν
461 3257 642 3347 pollent).
685 3261 749 3325 696
773 3257 946 3345 Κεραυνός
966 3313 972 3325 .
994 3313 1001 3325 .
1022 3313 1028 3326 .
1050 3312 1056 3325 .
1081 3267 1152 3326 τῶν
1176 3261 1213 3326 δὲ
1232 3268 1411 3362 κεραυνῶν
1435 3259 1468 3326 ολ

320 3460 531 3468 ———.—-

392 3584 412 3643 ¹l
432 3581 463 3634 ln
482 3580 627 3634 sociandis
642 3580 685 3634 his
700 3579 807 3648 glossis,
827 3579 851 3634 si
865 3577 925 3634 toto
939 3581 1018 3644 decet
1031 3579 1123 3648 glosis
1137 3579 1237 3634 nostris
1252 3578 1394 3635 codicibus
1405 3580 1468 3636 Ari·

319 3669 487 3740 stophcneis‚
507 3685 649 3724 numerum
664 3685 759 3724 uersus
775 3669 850 3724 lines
865 3669 1000 3723 subducta
1016 3668 1193 3738 conspicuum
1208 3668 1324 3724 reddidi.
1352 3668 1468 3723 Litteris

318 3759 402 3813 letius
427 3759 567 3827 dispositis
591 3775 625 3812 ea
648 3759 735 3812 uerbo
754 3759 861 3812 Graeca
885 3757 1010 3822 distinxi,
1036 3775 1106 3826 quse
1130 3757 1204 3826 opud
1223 3757 1335 3812 Siiidam
1356 3757 1467 3826 quidem

318 3849 453 3916 leguntur,
473 3848 521 3902 ssd
541 3847 569 3900 in
588 3847 752 3902 scholiorum
773 3847 914 3902 codicibus
933 3845 1040 3900 desunt.

390 3939 410 4004 ἱ)
430 3931 644 4006 συμπράττοντι
669 3936 695 3989 V
710 3941 739 3990 st
756 3935 792 4004 gl.
811 3935 965 3990 Victorino.

390 4025 410 4090 ³)
430 4023 560 4079 simililer
577 4024 761 4093 Harpocratio
780 4039 800 4077 s.
821 4023 857 4092 gl.
880 4021 1026 4078 Μέτοικοι.

390 4114 411 4179 ⁴)
430 4113 496 4167 Lex.
517 4113 629 4182 Segusr.
648 4115 700 4168 351
719 4109 847 4181 dolensi,
868 4109 1065 4182 προσδέχεται.

389 4203 411 4266 ⁶)
428 4202 479 4254 Est
503 4209 595 4255 autem
619 4195 718 4268 φόλλις
741 4217 794 4254 uox
813 4201 914 4254 Latino
937 4201 1024 4266 sollis,
1050 4199 1067 4254 i.
1088 4215 1111 4254 s.
1136 4199 1262 4254 sacculos
1286 4216 1340 4268 quo
1364 4199 1466 4254 conde·

319 4291 420 4345 buntur
439 4290 542 4343 nummi
562 4296 590 4344 et
610 4289 709 4344 deinde
729 4289 870 4354 „minutas
890 4290 1025 4358 pecuniae
1044 4305 1130 4358 genus
1150 4297 1178 4343 et
1197 4288 1317 4344 omnium
1336 4288 1468 4343 minimc“

319 4379 362 4444 (ci.
382 4379 547 4434 salmasium
566 4379 601 4432 ed
617 4377 692 4432 Aelii
711 4377 866 4448 Lanipridii
887 4379 1099 4446 Heliogabalum
1119 4395 1160 4448 cp.
1177 4381 1222 4446 22)
1242 4383 1358 4446 recepto
1376 4393 1394 4431 e
1414 4379 1467 4447 sy-

317 4467 437 4521 zentinis
456 4467 565 4520 uidetur
580 4483 633 4520 nou
648 4467 716 4522 adeo
730 4466 892 4520 recentibus
908 4467 1091 4535 temporibus;
1111 4483 1202 4534 neque
1217 4474 1308 4520 tumen
1324 4475 1469 4536 comperet
