3304 4922
392 401 433 463 oo
827 431 871 444 -
918 398 1093 479 11111·-

395 581 413 652 δ
429 584 607 672 πρότερος·
631 591 798 672 μέμνηται
813 581 876 668 γὰρ
900 581 936 649 ἐν
952 577 1042 668 αὐτῷ
1058 579 1102 660 ὡς
1118 583 1347 666 ἐκδεδομέναι]
1370 578 1458 668 αὐτῷ
1476 591 1521 648 roi·

393 691 473 774 περί
499 687 687 775 μιμῆσεαςε
729 687 773 754 of.
798 687 963 754 Sohueser.
992 687 1033 753 de
1056 708 1083 753 o.
1110 708 1141 752 v.
1168 686 1275 771 prees.
1303 709 1339 772 p.
1359 687 1438 752 xxi
1458 688 1518 752 111111.

393 791 439 858 Et
458 791 518 858 hoo
540 791 669 875 quidem
692 791 774 857 falso
797 791 884 872 addi,
910 809 983 857 oum
1005 797 1139 873 ueroque
1162 791 1233 856 looo
1254 789 1404 855 futurum
1422 799 1517 854 exstet.

396 895 542 961 Blassius
573 903 657 960 reete
687 893 810 960 monuit
836 897 964 978 11127).
1013 893 1078 959 Sed
1100 894 1164 958 ism
1193 893 1256 960 hoo
1279 913 1420 976 quaero,
1452 893 1519 958 unde

393 997 473 1063 illud
493 997 536 1064 de
558 997 715 1082 Dionysio
741 1006 870 1062 auctore
892 995 1073 1071 effioiatnri
1109 997 1171 1063 Ubi
1195 996 1352 1082 Dionysii
1383 1017 1445 1062 non
1465 995 1520 1061 (liro

396 1119 521 1180 nomen,
548 1100 733 1180 sodomus,
767 1099 826 1166 sed
841 1100 954 1180 oratio,
980 1099 1136 1166 sodtotus
1158 1099 1316 1165 habitus?
1355 1099 1521 1167 Blassiuse

396 1223 541 1270 sermone
564 1203 645 1268 nihil
668 1203 816 1268 concludi
845 1222 943 1288 posse
965 1210 1092 1286 seusei,
1124 1204 1201 1286 quis
1223 1203 1425 1287 Dionysius,
1454 1201 1521 1268 siin

395 1307 514 1372 talibus
537 1306 664 1392 seriptis
688 1306 817 1372 scholae
838 1313 936 1390 atque
965 1306 1075 1390 pueris
1098 1307 1270 1372 destinatis
1299 1327 1418 1393 pamm
1442 1305 1520 1372 studii

396 1411 566 1494 posuisset,
591 1430 655 1474 non
674 1412 754 1476 adeo
776 1410 891 1475 mirum
913 1409 1054 1475 facturus
1077 1410 1172 1476 fuerit
1191 1413 1233 1494 ip.
1253 1412 1327 1496 28).
1369 1408 1521 1478 111111-

396 1513 458 1580 biis
488 1514 613 1599 soriptis
642 1511 857 1579 diiudicandis
884 1533 902 1578 s
926 1513 994 1579 snio
1023 1533 1169 1580 sermone
1198 1533 1447 1596 nonnumquam
1469 1511 1521 1576 dis

397 1616 517 1682 crimen
548 1615 756 1700 repetendum
779 1635 851 1682 esse
880 1615 1000 1682 dudum
1030 1617 1228 1682 intellectum
1255 1625 1320 1682 est.
1372 1616 1519 1681 Laxioren

398 1719 545 1804 Dionysii
568 1719 743 1785 orationem
767 1720 931 1784 exultem
954 1719 1092 1784 maxime
1115 1719 1159 1784 sd
1179 1721 1380 1794 Ammseum
1403 1717 1520 1804 opisrnlr

401 1821 446 1887 ἐν
473 1828 525 1906 τῷ
553 1821 843 1906 διδασκαλικῴ
873 1819 1058 1910 σχήματι
1081 1821 1199 1906 scripio
1225 1820 1277 1897 (oi.
1301 1843 1337 1908 p.
1358 1825 1456 1903 ’189111
1479 1840 1520 1885 oo·

398 1945 551 2009 gnoscere
580 1927 671 2007 lieet,
704 1927 794 1992 ouius
825 1945 928 1992 sermo
957 1927 1118 1992 neminem
1140 1925 1243 2010 fugiet
1275 1935 1473 2010 quantopere
1490 1923 1520 1986 ab

324 2071 326 2082 «
399 2030 477 2096 artis
500 2030 640 2114 capitum
656 2030 686 2094 X
702 2038 733 2096 et
749 2030 796 2094 XI
819 2030 959 2096 differat.
998 2028 1153 2114 Syntaxis
1175 2049 1311 2114 prorsus
1328 2031 1517 2097 diverssesr:

400 2133 557 2219 imprimis
579 2132 737 2217 asyndeto
758 2141 860 2214 notes,
887 2153 970 2216 quse
992 2135 1093 2198 mulin
1113 2141 1297 2199 occurrunt.
1339 2133 1519 2198 Prseoiamu

400 2236 502 2303 hahes
517 2237 698 2321 exemplum
714 2259 747 2322 p.
760 2241 837 2301 407⁷
857 2231 904 2302 ‘H
917 2233 1028 2323 γνώμη
1053 2238 1197 2324 τριπλῆν
1219 2235 1380 2315 ἐξέτασιν
1395 2237 1466 2317 ἔχει.
1488 2227 1517 2314 μί,

400 2338 551 2427 περιττὰ,
582 2337 627 2428 μῆ
650 2339 860 2420 ἐλλείποντα,
887 2337 932 2427 μῆ
957 2339 1110 2406 ἐναντία·
1144 2339 1185 2404 τὰ
1207 2338 1357 2425 περιττὰ
1380 2341 1517 2427 φλυαρία.

400 2441 442 2508 τὰ
472 2441 672 2509 ἐλλείποντα
702 2438 831 2530 ἀσθενῆ
861 2437 1091 2528 (doeemur),
1131 2441 1173 2507 τὰ
1202 2441 1345 2508 ἐναντία
1375 2443 1518 2513 κίνδυνος.

393 2541 541 2634 Ὅμηρος
556 2553 662 2612 ταῦτα
679 2544 926 2634 ἐπεσημήνατο.
968 2549 1058 2611 38511
1081 2554 1221 2612 τοιαῦτα
1244 2553 1311 2628 μέν
1334 2570 1411 2612 τινα
1433 2539 1521 2610 καθό-

400 2652 461 2715 λοο
476 2650 585 2734 λέγειν
601 2648 722 2732 έχομεν
738 2648 774 2715 έν
789 2644 869 2736 ἤθει
885 2648 921 2715 ἐν
936 2646 1048 2734 γνώμη
1065 2647 1102 2715 ἐν
1117 2655 1215 2735 τέχνη
1232 2648 1269 2715 ἐν
1284 2651 1387 2730 λέξει.
1416 2650 1449 2714 P.
1462 2649 1519 2710 38111

401 2752 531 2818 ἔστιδὲ
555 2750 595 2816 τὰ
619 2760 676 2840 τῆς
698 2746 900 2829 ὑποθέσεως
924 2765 1073 2834 στοιχεῖα
1096 2757 1244 2838 τέσσαρα
1267 2758 1453 2839 προοίμιον
1466 2745 1522 2833 διῆ-

401 2878 497 2943 γησις
519 2861 650 2932 πίστεις
674 2854 828 2940 ἐπίλογοι
854 2857 904 2937 (εί.
925 2860 1041 2938 99411).
1083 2858 1172 2921 39611
1199 2854 1272 2920 ἐστι
1294 2856 1333 2922 δὲ
1358 2853 1401 2920 τὰ
1422 2860 1522 2919 τέσσα-

401 2981 445 3044 ρα
461 2967 566 3024 ταῦτα
583 2948 670 3046 ἦθος
694 2957 805 3045 γνώμη
822 2964 921 3046 τέχνη
937 2959 1037 3038 λέξις.
1084 2959 1202 3025 Contra
1218 2959 1371 3026 conferas
1387 2958 1426 3025 de
1440 2958 1520 3022 Isocr.

402 3084 435 3147 p.
450 3066 538 3127 53911
557 3059 712 3127 καθόλου
734 3062 770 3126 δὲ
793 3069 893 3146 τριῶν
909 3057 1018 3128 ι’ίντιον
1035 3109 1082 3126 ...
1105 3069 1163 3148 τῆς
1179 3057 1204 3125 τ’
1221 3060 1363 3150 ἐκλογῆς
1386 3069 1449 3126 τῶν
1462 3053 1524 3124 σ’νο-

401 3163 518 3249 μάτιον
540 3167 597 3230 καὶ
620 3173 677 3252 τῆς
701 3163 737 3230 ἐν.
760 3162 889 3231 τούτων
912 3160 1077 3250 ἁρμονίας
1099 3167 1243 3230 καὶτῶν
1265 3159 1524 3248 περιλαμβανόν-

403 3293 470 3334 τιυν
492 3263 578 3333 αὐτὰ
595 3266 785 3356 σχημάτων.
826 3268 867 3335 de
884 3269 978 3334 Dem.
996 3291 1029 3354 p.
1047 3272 1156 3332 111111
1181 3275 1241 3334 τοῦ
1263 3271 1377 3353 λέγειν
1391 3257 1429 3334 εὖ
1449 3259 1521 3344 otro]

402 3367 421 3460 ῆ
446 3372 609 3456 διαίρεσίς
640 3371 741 3448 ἐστιν,
774 3371 822 3448 είς
852 3394 887 3436 τε
910 3368 969 3436 τὸν
992 3368 1228 3455 πραγματικὸν
1259 3370 1392 3456 τρόπον
1416 3371 1468 3434 καὶ
1488 3365 1525 3438 είς

404 3473 463 3542 τὸν
478 3472 640 3540 λεκτικόν.
680 3477 717 3540 P.
736 3480 812 3540 400⁵
836 3471 877 3538 τὰ
893 3478 1008 3538 τοίνυν
1030 3473 1100 3539 ἴδια
1123 3475 1179 3538 καὶ
1202 3471 1365 3560 ῥητορικὰ
1383 3469 1447 3562 iffi·
1465 3465 1524 3534 τοί·-

403 3603 473 3654 τοις
498 3578 678 3663 διαιρεῖται
704 3574 789 3642 κατὰ
813 3576 897 3663 έθνη
929 3582 1006 3663 γένη
1031 3570 1161 3663 ἡλικίας
1191 3582 1411 3662 προαιρέσεις
1440 3571 1526 3652 τύχας

403 3678 643 3768 ἐπιτηδεύσεις,
670 3699 806 3762 quonum
823 3681 969 3746 conseras
991 3679 1031 3744 do
1047 3679 1124 3764 Lys.
1143 3682 1281 3764 p.469n
1305 3681 1363 3744 καί
1385 3676 1447 3763 γὰρ
1469 3671 1526 3762 iir-

402 3790 460 3871 κίᾳ
481 3785 539 3848 καὶ
554 3789 642 3869 γένει
665 3784 722 3848 καὶ
737 3783 877 3868 παιδείᾳ
900 3784 957 3847 καὶ
973 3780 1214 3869 ἐπιτηδεύματι
1236 3784 1291 3847 καί
1312 3787 1377 3868 βίῳ
1401 3783 1453 3846 καί
1470 3789 1526 3850 τοῖς

403 3884 518 3965 ἄλλοις
548 3940 555 3953 .
584 3940 590 3952 .
620 3938 626 3951 .
654 3883 714 3964 τὰς
744 3885 870 3962 οἰκείας
899 3879 1090 3952 ἀποδίδωσι
1119 3883 1246 3972 φωνάς.
1296 3886 1371 3951 Alia
1398 3881 1525 3951 eiusdem

404 3991 531 4076 generis
547 3991 647 4056 multo
659 3979 799 4054 exstant.
811 4027 855 4036 —
867 3989 1037 4055 Praeterea
1051 3991 1147 4054 verbo
1160 3995 1338 4068 occurrunt,
1359 4007 1441 4071 quae
1452 3979 1526 4068 apud

405 4093 595 4179 Dionysium
618 4113 680 4158 non
704 4092 863 4176 leguntur.
905 4086 1094 4178 Ἀρχαίζειν
1117 4113 1149 4176 p.
1166 4093 1242 4156 3822
1266 4091 1403 4176 primum
1426 4109 1442 4156 ε
1463 4089 1527 4152 Piu-

404 4197 506 4264 rarohi
529 4196 701 4261 moralibus
725 4217 756 4280 p.
771 4197 878 4260 558A
901 4195 1025 4280 reperio
1042 4203 1216 4261 enotsrum.
1255 4189 1303 4258 Τὸ
1328 4194 1365 4259 δὲ
1387 4199 1447 4260 νῦν
1461 4187 1528 4269 izos

405 4303 547 4384 1139111
576 4299 609 4363 in
633 4298 801 4365 rhetoricis
817 4297 963 4382 Dionysii
987 4298 1115 4382 scriptis
1144 4316 1208 4363 non
1224 4303 1332 4362 exstat
1353 4315 1412 4361 nee
1434 4289 1526 4372 magis
