3280 4934
255 1375 333 1440 Cum
356 1397 527 1460 paucorum
545 1377 734 1460 scriptorum
753 1382 891 1442 veterum
912 1376 1063 1442 derebus
1082 1377 1216 1442 Athenis
1238 1383 1310 1462 post

167 1504 303 1566 pugnam
336 1484 420 1566 apud
448 1484 696 1567 Aegospotamos
728 1485 923 1550 commissam
955 1485 1053 1567 gestis
1086 1484 1237 1550 memoria
1268 1487 1307 1550 ad

166 1594 275 1653 nostra
306 1595 450 1673 tempora
480 1595 659 1674 pervenerit
687 1592 851 1674 eidemque
883 1593 916 1656 in
944 1590 1038 1656 rebus
1066 1612 1105 1656 ex
1133 1597 1309 1675 temporum

166 1696 276 1761 ordine
300 1698 502 1782 disponendis
521 1699 646 1782 saepius
670 1699 750 1764 miro
777 1699 869 1764 modo
897 1701 981 1764 inter
1003 1720 1037 1763 se
1060 1697 1222 1775 differant,
1251 1699 1308 1762 viri

166 1803 261 1879 docti,
284 1805 338 1889 qni
361 1826 462 1889 nuper
484 1805 650 1872 historiam
672 1805 757 1870 illius
776 1807 892 1871 aetatis
910 1811 1146 1891 pertexuerunt,
1168 1805 1223 1870 alii
1246 1806 1309 1870 alio

166 1912 259 1976 modo
287 1934 392 1976 rerum
419 1933 456 1977 eo
483 1919 625 1996 tempore
658 1919 818 1997 gestarum
851 1914 993 1978 ordinem
1021 1919 1190 1997 exponunt.
1241 1913 1310 1991 Qua

166 2019 207 2083 de
233 2039 327 2084 causa
354 2039 468 2102 operae
495 2021 631 2102 pretium
656 2021 781 2085 ridetur
808 2041 858 2097 ca,
885 2043 967 2105 quae
995 2020 1226 2087 controversiae
1254 2020 1309 2085 ob-

167 2125 262 2189 noxia
284 2131 367 2203 sunt,
390 2127 493 2190 denuo
517 2133 663 2191 tractare.

255 2233 301 2297 Ac
328 2233 419 2298 nobis
447 2234 486 2298 de
514 2235 559 2298 eis
587 2234 681 2299 rebus
708 2235 899 2317 quaesituris
927 2235 1071 2319 inprimis
1098 2235 1311 2318 comparanda

165 2346 239 2404 sunt
262 2361 343 2422 quae
366 2341 486 2406 tradita
509 2347 582 2406 sunt
604 2361 625 2405 a
646 2341 856 2425 Xenophonte
880 2348 911 2405 et
935 2342 1038 2426 Lysia,
1061 2364 1139 2428 quos
1162 2342 1310 2425 aequales

164 2446 229 2512 illis
252 2447 446 2531 temporibus
465 2447 598 2514 Athenis
622 2454 761 2513 versatos
786 2469 852 2514 esse
875 2455 1006 2514 cointat.
1049 2449 1168 2528 Quodsi
1187 2447 1309 2514 Xeno—

163 2554 342 2634 phontem
361 2554 414 2638 (H.
431 2553 467 2619 G.
482 2555 581 2640 11‚2),
605 2577 709 2620 rerum
732 2561 892 2620 auctorem
915 2556 1147 2638 gravissimum,
1173 2557 1309 2640 primum

163 2662 334 2746 sequimur,
361 2663 458 2726 series
480 2683 585 2726 rerum
607 2663 680 2727 talis
705 2662 917 2728 informanda:
946 2663 1056 2747 Pugna
1081 2665 1164 2747 apud
1190 2662 1309 2745 Aegos—

161 2775 309 2850 potamos
341 2769 506 2833 commissa
537 2769 699 2852 Lysander
730 2769 907 2852 complures
942 2769 1035 2835 urbes
1067 2769 1249 2852 insulasque
1276 2769 1308 2832 in

161 2882 355 2966 potestatem
378 2897 467 2940 suam
490 2877 627 2958 redegit,
649 2881 758 2958 captos
783 2874 992 2941 Athenienses
1017 2876 1157 2941 Athenas
1180 2876 1311 2952 dimisit,

161 2982 277 3048 urbem
309 3005 380 3048 cum
411 2984 441 3046 vi
474 3005 511 3047 ac
543 2983 663 3066 impetu
696 3003 876 3066 expugnare
908 3004 971 3047 non
1006 2990 1127 3067 posset,
1163 3002 1196 3046 se
1228 2981 1311 3047 fame

161 3095 331 3171 capturum
368 3111 436 3154 esse
467 3096 554 3154 ratus
587 3111 624 3154 eo
660 3089 761 3173 prius,
796 3111 858 3174 quo
890 3090 996 3173 plures
1028 3089 1061 3154 in
1097 3089 1175 3153 urbe
1207 3095 1311 3154 essent

161 3193 197 3276 (ξ
218 3197 264 3282 2).
311 3197 438 3261 Interea
461 3219 530 3262 eum
554 3197 764 3262 Athenienses
787 3219 881 3280 quam
905 3200 1039 3262 maxime
1061 3203 1191 3281 possent
1214 3217 1246 3262 se
1269 3199 1310 3262 ad

160 3297 288 3368 hostem
320 3304 567 3388 propulsandum
598 3304 795 3388 paravissent
822 3303 856 3389 (ξ
878 3303 925 3389 4),
957 3303 1129 3368 Pausanias
1162 3308 1193 3366 et
1227 3303 1311 3387 Agis,

160 3428 255 3491 reges
285 3411 618 3486 Lacedaemoniorum,
651 3433 721 3475 curn
754 3403 852 3494 copiis
888 3411 1086 3495 pedestribus
1114 3409 1225 3475 urbem
1254 3431 1310 3494 op-

159 3524 386 3598 pugnaverunt
413 3517 448 3602 (5
472 3519 516 3604 8),
550 3518 711 3602 Lysander
739 3519 805 3602 ipse
831 3520 912 3582 mari
941 3525 1051 3584 contra
1080 3517 1211 3582 eandem
1238 3538 1311 3600 pro-

92 3699 105 3722 ·
159 3619 264 3688 lectus
298 3631 345 3690 est
373 3629 407 3711 (ξ
431 3627 476 3712 9),
508 3633 545 3690 ut
576 3626 714 3710 undique
746 3626 899 3691 inclusam
932 3647 965 3690 se
996 3624 1124 3690 tradere
1156 3631 1311 3708 cogerent.
1352 3681 1357 3695 ,

158 3725 227 3793 Nec
257 3753 312 3799 eos
340 3755 411 3818 spes
439 3733 560 3798 fefellit.
611 3731 705 3808 Nam,
737 3753 927 3816 quamquam
960 3733 1050 3796 initio
1078 3731 1166 3795 nulla
1193 3732 1312 3795 mentio

158 3831 336 3906 deditionis
364 3839 474 3917 fiebat,
501 3847 621 3916 tamen,
648 3861 718 3904 omn
741 3839 857 3906 cotidie
881 3839 971 3904 multi
999 3837 1082 3903 fame
1104 3844 1313 3914 morerentur,

158 3958 232 4004 eum
258 3946 376 4031 Agide,
404 3969 479 4032 rege
506 3948 607 4012 altero
635 3946 968 4024 Lacedaemoniorum,
996 3947 1036 4011 de
1064 3967 1140 4030 pace
1168 3945 1215 4009 ita
1241 3965 1312 4028 ege-
1424 4035 1426 4040 ,

157 4053 249 4124 runt,
278 4059 317 4118 ut
344 4077 449 4121 muros
477 4061 509 4119 et
537 4054 684 4119 Piraeum
717 4059 863 4120 tenerent
890 4053 1208 4136 Lacedaemoniisque
1236 4053 1312 4118 socii

157 4146 275 4222 fierent
304 4163 340 4247 (ξ
366 4163 430 4248 ll).
477 4161 539 4227 Sed
567 4161 665 4244 legati
689 4160 729 4226 ab
755 4161 855 4244 Agide
879 4159 1025 4244 Spartam
1053 4157 1208 4244 proficisci
1237 4159 1311 4224 iussi

158 4275 270 4326 moxe
295 4267 512 4353 Peloponneso
535 4290 660 4352 quoque
684 4290 718 4333 re
741 4269 860 4333 inlecta
880 4269 1052 4344 redierunt,
1076 4289 1144 4333 curn
1165 4266 1312 4350 Spartam

158 4358 263 4441 ipsam
289 4374 411 4442 intrare
433 4376 679 4459 prohiberentur
698 4376 738 4440 ab
758 4375 894 4459 ephoris,
917 4377 971 4458 qui
994 4397 1103 4458 pacem
1126 4373 1194 4438 lore
1217 4395 1312 4456 nega-

158 4465 249 4552 bant»
273 4477 337 4544 nisi
362 4505 522 4550 murorum
546 4484 683 4549 maxima
705 4505 779 4567 pars
798 4483 978 4550 dirueretur
996 4484 1030 4568 (ξ
1052 4483 1206 4568 12-13).
1244 4481 1313 4558 Qua
