3304 4922
608 420 652 430 -
699 387 783 466 [rou
832 421 875 430 -
976 417 978 422 ·
1271 388 1311 464 τε

174 563 238 655 κᾷν
252 571 290 636 R.
339 570 477 636 Verbum
501 569 627 638 ἐνεῖναι
649 573 736 657 apud
758 573 949 659 Dionysium
972 580 1006 640 et
1026 572 1134 640 dativo
1160 579 1192 638 et
1214 593 1311 658 prae-

172 673 322 758 positioni
338 671 376 739 ἐν
389 673 592 740 coniunctum
608 675 756 760 legimus.
786 676 976 744 Differentia
990 683 1096 742 tamen
1113 676 1195 744 haec
1210 676 1312 742 inter-

172 776 269 858 cedit,
303 776 389 862 quod
410 775 538 860 Ιἐνεῖναί
560 801 627 844 τινι
648 779 836 862 qualitatem
859 779 999 863 aliquam
1021 779 1068 846 ita
1090 779 1309 846 inhaerentem

171 879 343 964 significat,
370 888 406 945 ut
420 881 460 946 de
476 887 544 947 tota
559 902 594 947 re
609 901 682 947 eam
705 883 892 967 praedicare
907 882 1023 968 possis,
1049 883 1149 948 veluti
1171 904 1204 970 p.
1217 886 1252 947 81
1262 886 1306 948 λιι

172 975 265 1060 δσοις
288 989 387 1050 τοῦτο
410 981 448 1048 τό
465 984 639 1070 φιλαίτιον
661 983 772 1051 ἔνεστι
794 992 860 1052 τῶν
882 979 1033 1071 ἀρχαίων
1054 987 1306 1072 κρινομένωνίμ

171 1087 305 1154 Veteres
328 1087 412 1151 eninr
435 1107 589 1154 accusare
618 1087 672 1154 isti
702 1089 736 1153 in
758 1089 883 1155 deliciis
913 1088 1042 1155 habeut.
1090 1109 1121 1174 p.
1141 1093 1197 1155 529
1220 1083 1308 1174 εὑρί-

172 1210 244 1256 σκει
266 1187 304 1254 τό
328 1183 368 1252 θ’
387 1183 450 1276 ἡδὺ
473 1186 550 1258 ε’νδν
572 1184 687 1268 αὐτοῖς
715 1193 795 1276 (τοῖς
818 1189 1005 1275 πλάσμασι]
1033 1193 1090 1257 καλ
1117 1190 1154 1258 τὸ
1182 1190 1316 1259 καλάνι

170 1292 279 1378 Opera
307 1293 430 1360 seilicet
460 1295 574 1359 suavia
596 1303 672 1362 suut
697 1302 730 1360 et
752 1296 848 1361 bella.
896 1296 1015 1362 Contra
1037 1293 1163 1362 ἐνεῖναι
1185 1294 1222 1362 ἓν
1243 1320 1311 1362 τινι

171 1417 267 1463 unam
296 1404 423 1482 praeter
453 1402 578 1464 ceteras
608 1398 796 1487 qualitatem
828 1398 1004 1482 significat,
1039 1419 1123 1483 quae
1152 1397 1193 1465 de
1216 1406 1308 1484 parte

170 1505 293 1566 tantum
323 1501 441 1567 valeat.
488 1501 656 1566 Sententia
686 1501 765 1568 haec
795 1509 860 1567 est:
911 1501 1058 1581 „Periodi
1087 1502 1120 1567 in
1150 1502 1198 1568 eis
1226 1522 1307 1586 quas

170 1603 332 1668 nominavi
348 1603 546 1669 orationibus
562 1603 624 1670 etsi
646 1605 746 1670 multo
762 1624 858 1686 quarn
882 1604 916 1669 iu
938 1605 1053 1671 ceteris
1066 1604 1170 1670 rarius
1191 1605 1309 1688 legun-

170 1713 232 1788 tur,
258 1713 386 1772 exstant
408 1713 534 1785 tamem
569 1706 692 1790 figurae
715 1728 789 1774 vero
813 1709 938 1774 theatro
960 1708 1037 1775 illae
1059 1708 1188 1791 quidem
1211 1714 1308 1794 aptae

170 1828 232 1874 non
263 1816 464 1874 occurrunt.“
519 1809 627 1887 Quare
658 1811 860 1877 Ambrosiani
894 1812 1064 1878 lectionem
1094 1804 1111 1876 ό
1140 1835 1309 1898 χαριεντι-

170 1910 255 1993 σμός
278 1910 388 1978 ἔνεστι
410 1906 487 1978 κάν
509 1909 642 1990 τούτοις
665 1914 882 2000 recipiendam
905 1921 998 1999 puto;
1032 1915 1074 1981 ci.
1100 1936 1132 2000 p.
1155 1920 1207 1980 l5c
1232 1909 1305 1980 οίίτι

168 2011 231 2101 γὰρ
265 2019 459 2102 μεταφοραί
491 2039 580 2092 τινες
610 2015 646 2081 ἒν
676 2011 792 2092 αάτοῑς
825 2019 905 2100 (τοῖς
932 2015 1129 2104 ποιήμασιν)
1162 2012 1308 2102 εὐγενεῖς

169 2117 293 2185 ἔνεισιν
316 2113 391 2184 οὔτε
413 2112 609 2203 ὑπαλλαγαὶ
632 2114 708 2185 οὔτε
731 2117 953 2206 καταχρήσεις
977 2114 1050 2186 οὔτ’
1076 2114 1158 2206 ἀλλη
1186 2143 1307 2206 τροπι-

168 2218 207 2308 κὴ
231 2217 405 2298 διάλεκτος
428 2215 580 2305 οὐδεμία.

254 2354 286 2419 p.
302 2337 394 2398 soors
412 2330 550 2420 ἀρχεται
565 2333 602 2399 δὲ
619 2327 636 2398 ό
653 2331 752 2417 λόγος
772 2332 981 2400 ἐντεῦθεν
995 2335 1042 2399 F:
1069 2332 1208 2401 ἐνθένδε
1224 2335 1302 2400 MR.

167 2437 325 2502 Neutrum
348 2457 367 2500 a
390 2436 540 2520 Dionysii
569 2437 799 2502 consuetudine
824 2435 995 2518 ¹abhorret3
1031 2437 1074 2502 oi.
1100 2459 1131 2521 p.
1152 2439 1229 2502 'liic
1253 2434 1306 2501 ἒν-

167 2543 292 2604 τεῦθεν
308 2533 506 2623 ἀρξόμενος.
538 2559 570 2622 p.
583 2541 659 2603 856ε
676 2536 847 2605 ἐντεῦθεν.
885 2539 1002 2606 Contra
1018 2561 1049 2624 p.
1063 2542 1301 2618 763⁵=9691a

168 2643 254 2723 834⁴,
268 2645 344 2707 olla
361 2639 500 2707 ἐνθένδε
518 2636 706 2727 ἀρξάμενος
722 2650 755 2706 et
769 2643 807 2706 A.
820 2643 858 2707 R.
872 2643 889 2707 I
905 2645 923 2706 8
945 2662 976 2725 p.
992 2645 1040 2705 lir
1063 2641 1183 2708 Kiessl.
1203 2637 1305 2726 ἀρχο-

167 2767 230 2824 μαι
249 2737 281 2808 δ’
292 2742 445 2809 ἐνθένδε.
491 2745 529 2808 In
552 2765 587 2810 re
610 2743 708 2808 dubia
730 2743 811 2810 nihil
833 2765 890 2829 pro
912 2751 998 2810 certo
1021 2744 1260 2810 affirmaverim.

253 2878 285 2942 p.
305 2861 396 2922 558os
427 2864 485 2942 της
512 2861 629 2939 μέντοι
652 2851 783 2943 ἀγωγΐης
813 2863 879 2922 τῶν
909 2854 1081 2942 περιόδων
1109 2853 1146 2922 τό
1169 2855 1307 2924 κύκλιον

168 2961 225 3024 καλ
247 2967 314 3024 τιῖιν
337 2956 568 3046 σχημάτων
589 2965 648 3045 τῆς
670 2960 791 3038 λέξειας
814 2956 852 3023 τό
875 2960 1093 3044 μειρακιῶδες
1116 2955 1175 3025 οὐκ
1196 2959 1305 3025 ἐδοκί-

73 3072 77 3082 ’
166 3062 276 3144 μαζον
298 3063 343 3126 F:
375 3069 615 3148 σχηματισμῶν
637 3063 714 3126 MR.
762 3061 947 3145 Gorgianae
975 3062 1109 3146 figurae,
1142 3081 1225 3146 quae
1253 3062 1304 3128 hio

168 3164 407 3247 significantur,
442 3167 634 3249 παρίσιοσις
665 3169 900 3248 παρομοίωσις
931 3157 1106 3240 ἀντίθεσις
1135 3172 1201 3229 tam
1224 3163 1305 3252 σχη-

165 3290 257 3349 ματα
280 3289 300 3333 a
322 3267 479 3352 Dionysio
502 3274 656 3333 vocantur
681 3287 776 3350 quum
801 3272 1045 3354 σχηματισμοίς
1077 3267 1120 3333 ef.
1145 3288 1178 3351 p.
1197 3272 1304 3332 bilitas

167 3377 233 3436 τῶν
264 3367 494 3458 σχημάτων
523 3368 561 3434 τὸ
591 3369 810 3456 μειρακιῶδες
840 3371 919 3456 περὶ
949 3368 1009 3446 τὰς
1033 3365 1225 3446 ἀντιθέσεις
1247 3373 1304 3435 καὶ

165 3472 372 3558 παρισώσεις
394 3474 450 3538 καὶ
467 3471 718 3558 παρομοιώσεις
741 3471 1041 3560 κατατριβόμενον.
1081 3476 1187 3538 susas
1206 3473 1248 3539 Οἱ
1266 3474 1303 3539 δὲ

165 3574 397 3662 μειρακιώδεις
420 3578 716 3663 σχηματισμοὶ
741 3584 807 3642 τῶν
837 3572 1029 3643 ἀντιθέτων
1050 3577 1164 3642 τεκαὶ
1194 3600 1304 3663 παρο-

166 3685 275 3764 μοίων
303 3681 360 3744 καὶ
383 3678 616 3764 παρισώσεων,
651 3679 688 3747 ἐν
711 3678 761 3758 οίς
786 3679 818 3744 σί
845 3681 925 3766 περὶ
951 3678 1012 3746 τόν
1036 3684 1184 3766 Γοργίαν
1204 3677 1306 3762 μάλι-

166 3806 229 3850 στα
254 3779 467 3848 ἐπλεόνασαν
493 3833 499 3846 .
521 3831 527 3845 .
550 3831 557 3846 .
583 3787 732 3848 τοιοῦτοί
754 3783 936 3860 τινεςείσι
966 3780 1061 3869 παρὰ
1090 3790 1136 3868 τῷ
1159 3805 1304 3869 συγγρα-

166 3898 236 3974 φεῖ.
296 3889 385 3951 963ιι
417 3885 496 3962 τοὺς
530 3890 673 3972 Γοργίου
702 3882 846 3970 νεαροὺς
884 3887 1213 3974 σχηματισμοὺς
1248 3888 1305 3976 ζη-

165 3991 283 4056 λοῦσα.
330 3988 487 4056 Nimirum
520 3987 666 4054 notiones
697 3997 808 4076 σχῆμα
843 3998 876 4056 et
906 3988 1138 4077 σχηματισμός
1171 3991 1303 4060 minime

163 4094 261 4182 certis
283 4092 400 4158 finibus
423 4091 671 4176 circumscripsit
693 4091 888 4176 Dionysius;
915 4114 977 4176 quo
999 4093 1044 4176 fit,
1072 4101 1106 4159 ut
1129 4093 1168 4160 de
1191 4095 1303 4162 eadem

236 4301 252 4363 ¹)
281 4298 455 4369 κρινομένων
471 4295 594 4364 Krueg.:
621 4298 785 4368 γινομένων
803 4297 873 4352 MR·
