3304 4928
323 447 366 512 11
755 483 798 494 -
847 445 942 530 [roc]
989 486 1032 495 -

411 641 479 708 lam
512 643 538 708 si
567 641 767 707 Ambrosiani
799 640 970 725 scripturas
1001 643 1055 707 hio
1086 665 1155 710 cum
1186 643 1369 708 Rauennate
1400 644 1467 708 illic

323 773 394 816 cum
412 749 573 816 codicibus
589 750 794 815 v-P-Aren
812 749 991 815 communes
1009 751 1246 828 examinationis,
1264 752 1467 834 conspicuum

323 857 385 923 crit
407 858 592 941 plerumque
612 854 853 921 Ambrosianum
876 857 960 939 ipsas
981 879 1073 922 ueras
1092 859 1264 942 scripturas
1283 860 1475 942 repraescn-'

323 970 402 1041 tare,
424 985 502 1046 quas
525 964 661 1029 alterum
687 969 794 1028 utrum
817 963 960 1029 codicum
986 985 1085 1048 genus
1108 965 1294 1040 sernaucrit,
1316 965 1405 1030 uolut
1432 966 1466 1029 in

323 1093 369 1136 vv.
396 1074 436 1136 til
467 1071 533 1134 212
560 1070 625 1135 272
652 1070 720 1134 412
746 1070 812 1135 482
839 1070 902 1136 507
932 1070 998 1135 1114
1026 1071 1091 1136 604
1119 1072 1182 1135 727
1213 1072 1277 1138 728
1307 1072 1370 1138 849
1400 1072 1465 1137 896

323 1177 479 1242 915911
505 1178 588 1243 1027
615 1175 701 1242 1062
727 1178 812 1243 1084
838 1178 1041 1244 11101256.

413 1285 543 1350 Accedit
575 1285 660 1368 quod
689 1284 847 1350 nonnullis
879 1285 956 1352 locis
984 1285 1069 1350 solus
1096 1287 1137 1350 M
1158 1307 1266 1350 ueram
1299 1285 1466 1350 lectionem

323 1393 469 1468 retinuit;
492 1390 575 1456 inter
600 1412 686 1476 qnos,
701 1413 739 1456 ex
758 1392 803 1456 eis
820 1391 973 1467 uorsibus,
996 1395 1050 1477 qui
1069 1393 1208 1458 citantur
1225 1393 1310 1477 apud
1328 1391 1467 1469 Suidam,

325 1499 382 1564 has
405 1498 577 1582 scripturas
600 1498 743 1564 afferam:

413 1625 439 1671 v.
463 1604 529 1670 535
550 1611 633 1691 χρῆν
652 1604 667 1692 11
687 1625 713 1670 v.
742 1604 808 1670 542
834 1605 1041 1694 comedunt
1068 1608 1095 1672 si
1123 1628 1161 1672 ex
1185 1607 1310 1672 Valseni
1339 1606 1467 1672 silentio

325 1713 507 1778 coniectura
541 1710 610 1776 ficri
646 1717 751 1796 potest
783 1733 808 1777 v.
836 1712 902 1778 406
934 1726 1011 1778 πῑνε
1043 1707 1114 1778 πῖν’
1143 1713 1157 1801 11
1186 1735 1212 1777 v.
1245 1713 1308 1778 517
1344 1705 1468 1796 ὀλίγοις

323 1800 526 1904 χαρίσασθαι
545 1817 559 1906 ΙΙ
579 1840 605 1884 v.
631 1819 695 1884 782
719 1815 1012 1903 ἐγγλωττοτυπεῖν.

414 1942 559 2026 Denique
581 1942 614 2008 in
636 1943 682 2008 eis
705 1943 857 2021 uersibus,
880 1945 934 2027 qui
956 1945 1041 2028 apud
1065 1943 1195 2008 Snidam
1219 1943 1375 2027 leguntur,
1397 1943 1468 2028 plus

325 2050 439 2134 uiginti
471 2049 598 2115 obuiam
631 2049 711 2114 finnt
742 2051 917 2134 scripturae
944 2051 1090 2128 uitiatae,
1122 2073 1203 2134 quac
1226 2051 1318 2116 'inter
1346 2051 1467 2116 codices

327 2157 574 2241 Aristophaneos
599 2157 693 2224 unius
716 2156 917 2223 Ambrosiani
944 2159 1091 2242 propriae
1118 2165 1204 2235 sunt,
1232 2163 1264 2222 et
1292 2157 1468 2240 dequibus

325 2265 420 2348 paulo
443 2263 527 2329 infra
548 2263 641 2349 plura
663 2264 798 2330 dicenda
821 2271 920 2329 erunt

414 2370 534 2450 Quibus
557 2371 597 2436 de
620 2372 722 2437 causis
745 2371 874 2436 tertium
898 2371 1041 2436 existimo
1066 2393 1133 2436 csse
1156 2371 1358 2436 statuendum
1382 2373 1468 2436 codi-

326 2501 397 2546 cum
415 2479 717 2563 Aristophancorum
739 2499 847 2562 genus,
870 2479 958 2544 cuius
982 2479 1072 2562 quasi
1091 2479 1247 2562 specimen
1265 2479 1392 2544 unicum
1412 2479 1468 2544 ad-

325 2586 389 2652 huc
411 2591 500 2652 extat
522 2584 757 2651 Ambrosianus.
782 2624 822 2632 -

414 2693 520 2777 Atque
533 2699 570 2758 ut
583 2693 794 2759 demonstrem
808 2693 910 2757 eidem
923 2691 984 2777 ipsi
1003 2693 1145 2758 codicum
1163 2693 1270 2775 generi
1285 2693 1469 2758 adtribuen-

327 2801 402 2866 dum
425 2821 492 2866 esse
516 2823 587 2866 eum
609 2799 753 2865 undecim
776 2800 1006 2865 comoediarum
1030 2800 1169 2864 codicem
1192 2821 1283 2884 quom
1308 2798 1339 2863 in
1364 2823 1470 2888 excer-

327 2909 438 2992 pendis
466 2906 687 2991 Aristophanis
714 2905 829 2972 fabulis
852 2905 966 2972 Suidas
988 2905 1178 2982 adhibuerit,
1210 2905 1469 2990 proficiscendum

327 3015 455 3080 uidetur
476 3037 497 3080 a
518 3035 611 3080 uersu
635 3013 709 3090 517,
733 3035 826 3096 quem
849 3014 972 3080 codices
995 3015 1040 3078 sic
1062 3012 1224 3078 exhibent:

415 3124 555 3188 πολλῶν
577 3111 639 3205 γὰρ
663 3109 703 3205 δὴ
726 3116 961 3206 πειρασάντων
981 3111 1085 3206 αὐτὴν
1105 3111 1229 3204 ὀλίγοις
1251 3117 1356 3185 notin
1379 3121 1469 3205 χαρί-

912 3232 1036 3292 σασθαι
1058 3226 1087 3291 R

416 3339 555 3401 πολλῶν
569 3325 631 3419 γὰρ
647 3325 723 3422 (iffi)
741 3329 977 3419 πειρασάντων
995 3325 1099 3420 αὐτὴν
1114 3325 1238 3417 ὀλίγοις
1247 3336 1273 3420 ²)
1291 3327 1364 3420 ἤδη
1379 3334 1470 3418 χαρί-

912 3446 1036 3506 σασθαι
1066 3441 1269 3506 ῘῘ-Ρ-ΑΓΘΔ

417 3552 556 3614 πολλῶν
569 3539 631 3632 γὰρ
647 3539 687 3635 δὴ
705 3542 940 3633 πειρασάντων
955 3540 1060 3630 αὐτὴν
1075 3539 1198 3634 ὀλίγοις
1210 3549 1411 3632 χαρίσασθαι
1427 3551 1470 3612 M.

329 3675 390 3740 Hic
428 3679 582 3758 apparent
613 3673 677 3738 tria
707 3673 763 3738 illa
799 3674 940 3738 codicum
977 3694 1106 3757 genera,
1141 3693 1238 3737 unum
1268 3672 1472 3749 Rauennatis,

328 3783 464 3847 alterum
478 3779 620 3846 codicum
636 3779 850 3860 V-P-Aren,
864 3779 994 3860 tertium
1009 3779 1218 3856 Ambrosiani,
1237 3780 1291 3864 qni
1305 3783 1395 3846 unice
1411 3780 1473 3845 hoc

330 3887 398 3954 loco
421 3908 530 3952 ueram
557 3887 757 3970 numerisque
779 3887 1046 3953 accommodatam
1074 3887 1252 3951 tetrametri
1279 3887 1472 3971 anapaestioi

330 3994 507 4061 catalectici
529 3994 671 4060 seruauit
689 3996 878 4080 scripturam
895 3995 915 4060 i.
934 4016 960 4060 1.
980 3993 1111 4060 eandem
1135 4015 1227 4078 qnam
1248 3993 1361 4059 Suidas
1384 4016 1408 4058 s.
1431 3993 1472 4076 gi

333 4102 545 4186 Χαρίσασθαι
567 4107 685 4168 tuetur.

418 4207 528 4292 Neque
564 4209 658 4274 aliter
694 4210 807 4274 ceteris
843 4210 920 4274 locis
953 4207 1065 4294 quibus
1098 4206 1339 4273 Ambrosianum
1371 4207 1473 4272 solum

404 4423 423 4487 ¹)
442 4416 497 4493 γὰρ
515 4413 566 4490 Aa
587 4423 711 4477 n-rcn.

403 4510 424 4578 ¹)
444 4506 541 4580 ὄλΙγας
560 4513 589 4564 Δ.
