3258 4928
599 403 642 412 -
691 367 774 446 [ami
821 405 864 412 -
1214 337 1218 346 '
1282 370 1299 428 7

167 574 203 618 eo
225 553 297 637 ipso
326 560 483 637 tempore,
517 574 578 635 quo
602 553 713 618 Cicero
743 553 862 637 aliique
892 555 1033 636 linguam
1064 555 1223 638 perpolire
1251 555 1301 619 in-

166 657 324 740 ceperint,
352 658 520 722 verborum
542 657 668 722 illorum
692 658 936 741 compositorum
967 677 1059 723 usum
1089 658 1171 724 adeo
1201 657 1301 724 fuisse

167 760 406 843 pervulgatum,
441 770 475 824 ut
504 780 567 824 nou
597 761 667 825 sinc
690 761 829 825 maximo
852 761 1080 845 impedimento
1101 763 1200 827 verba
1223 763 1301 826 sim-

166 864 261 947 plicia
284 883 390 928 eorum
415 883 529 928 munus
553 871 742 947 susceptura
764 864 892 929 fuerint.

248 966 333 1043 Quid
353 966 455 1048 egerit
470 967 581 1031 Cicero
604 967 637 1031 in
653 962 764 1050 lingua
779 967 1011 1046 constituenda,
1038 968 1167 1051 planius
1183 988 1301 1050 cogno-

165 1077 279 1152 scetur,
307 1070 333 1134 si
358 1090 440 1150 quae
463 1069 602 1135 diximus
626 1071 774 1154 exemplo
798 1070 1074 1136 illustraverimus.
1115 1071 1194 1135 Cum
1215 1071 1300 1135 enim

168 1172 263 1236 libros
287 1172 327 1237 de
345 1173 527 1238 inventione
544 1174 717 1254 incoharet,
745 1181 873 1258 practer
887 1175 1019 1240 verbum
1035 1174 1173 1258 simplex
1188 1197 1302 1258 cupere

166 1275 227 1338 duo
258 1275 287 1340 ei
310 1283 439 1359 piraesto
468 1284 560 1341 erant
590 1278 782 1362 composita,
816 1297 949 1360 quorum
979 1279 1115 1342 aiterum
1145 1279 1302 1362 adcepore

166 1379 324 1462 siguificat
346 1382 488 1463 dependo
512 1381 635 1464 aliquid
655 1383 771 1445 addere
787 1383 831 1444 ud
844 1381 969 1465 aliquid
982 1383 1067 1466 quod
1080 1390 1192 1463 exstat,
1219 1383 1301 1447 alte·

166 1504 231 1547 rum
256 1507 410 1566 33339333
432 1484 594 1568 significat
623 1484 716 1566 quiesi
734 1485 889 1568 foeditas
919 1507 1045 1568 cepere.
1093 1486 1206 1569 ltaque
1229 1507 1299 1551 eum

163 1607 257 1667 quam
282 1587 347 1651 vim
371 1587 504 1652 haberet
527 1587 734 1671 praepositio,
761 1589 890 1672 planius
920 1588 1109 1654 octacilius
1138 1589 1302 1672 perspice-

165 1699 249 1754 retur
272 1690 303 1753 in
329 1691 433 1773 priore
456 1693 553 1756 verbo
577 1692 753 1775 composito
778 1712 871 1774 quam
902 1693 935 1756 in
959 1693 1078 1771 altero,
1111 1691 1224 1758 (licere
1247 1692 1298 1756 ubi

164 1794 301 1877 primum
332 1794 429 1860 libros
464 1795 601 1860 scrihere
632 1795 755 1878 coepit,
797 1795 974 1878 eraupcncli
1007 1796 1139 1861 verbum
1174 1800 1300 1860 omuino

163 1897 281 1961 abiecit
303 1903 334 1961 et
358 1916 397 1961 ne
419 1896 452 1961 in
476 1898 705 1980 posterioribus
728 1897 856 1980 quidem
881 1898 1010 1982 scriptis
1034 1919 1183 1979 umquam
1207 1899 1300 1964 resti-

163 1998 232 2076 tuit,
260 2000 394 2063 alterum
419 2007 524 2063 autem
549 2001 706 2082 ‹rdaupcre
728 2000 762 2063 in
785 1999 897 2084 primis
920 2020 1000 2082 quos
1017 2001 1195 2084 composuit
1209 2001 1300 2065 libris

164 2122 409 2183 nonnumquam,
436 2109 547 2166 contra
569 2102 601 2165 in
626 2102 852 2186 posterioribus
868 2101 1036 2166 admodum
1053 2123 1124 2168 raro
1139 2103 1296 2168 adhibuit.

165 2205 212 2269 lle
235 2205 336 2269 tribus
358 2204 455 2287 igitur
476 2204 541 2268 illis
565 2205 671 2269 verbis
700 2205 741 2269 ad
770 2212 946 2270 extremum
977 2205 1098 2270 nullum
1128 2207 1157 2272 ei
1186 2226 1300 2291 super-

163 2308 223 2373 t'uit
253 2307 314 2372 nisi
342 2308 473 2372 verbum
505 2307 642 2391 simplex
673 2331 797 2392 cupere.
844 2308 939 2392 Apud
969 2308 1172 2374 Comifioium
1202 2311 1299 2375 verba

162 2411 224 2475 duo
241 2410 417 2494 composita
432 2409 635 2475 inveniuntur
650 2411 705 2489 ita,
726 2417 760 2474 ut
776 2411 863 2496 apud
878 2411 984 2494 ipsum
998 2431 1124 2494 quoque
1140 2414 1297 2496 cclaopere

162 2514 292 2596 saepius
315 2513 439 2595 legatur
461 2533 553 2595 quam
582 2535 753 2596 excepere:
787 2515 943 2597 adducere
966 2514 1061 2579 (loru.
1088 2514 1135 2594 Π,
1164 2518 1214 2592 25,
1243 2519 1294 2578 39.

163 2621 216 2693 uo,
242 2621 294 2680 -17,
320 2617 378 2696 ΙΙΙ,
410 2619 440 2698 2,
468 2620 498 2680 2.
528 2619 799 2694 11,211.·11,25.
832 2617 887 2696 IV,
915 2620 966 2697 33,
987 2621 1043 2690 45;
1078 2640 1230 2702 excepere
1251 2619 1294 2702 ΙΙ,

163 2725 214 2800 29,
232 2725 283 2782 46.
310 2721 366 2795 IV,
395 2723 443 2800 13,
464 2724 512 2783 to.
538 2724 590 2795 21,
607 2723 666 2798 34;
693 2720 779 2803 apud
802 2720 983 2796 Ciceronem
1007 2722 1162 2806 adeupem
1184 2722 1249 2787 inv.
1269 2723 1294 2802 Ι,

162 2827 193 2902 3,
214 2828 242 2885 r.
270 2823 319 2902 11,
357 2827 405 2900 18,
426 2827 478 2885 55.
512 2825 568 2901 25,
589 2827 641 2886 75.
676 2825 727 2903 33,
753 2827 825 2886 ror.
873 2824 965 2888 uosc.
991 2823 1062 2887 Am.
1094 2829 1147 2906 11,
1175 2829 1233 2902 so3
1266 2825 1297 2890 in

162 2925 294 3007 reliquis
315 2925 462 2990 omnibns
486 2925 682 2990 orationibus
697 2933 828 2990 auctore
844 2926 1020 3009 Merguetio
1041 2927 1082 3002 lin
1098 2927 1199 2993 lexico
1215 2936 1295 2992 (irat.

162 3029 319 3108 Ciceron.)
348 3027 476 3092 omnino
499 3028 598 3093 semel
623 3029 756 3110 legitur:
783 3036 856 3111 post
878 3028 946 3093 red.
972 3029 1005 3092 in
1028 3048 1097 3094 sen.
1122 3034 1179 3108 363
1205 3051 1298 3115 prae-

160 3139 250 3198 terea
273 3132 365 3196 acad.
391 3137 474 3215 post.
500 3132 524 3212 1,
552 3135 581 3212 5,
603 3135 654 3193 21.

249 3237 321 3300 Duo
343 3234 401 3300 illa
424 3235 522 3300 verba
544 3233 719 3318 composita
740 3235 803 3298 iam
820 3236 908 3318 apud
923 3235 1046 3320 priscos
1061 3243 1172 3318 poetas
1187 3237 1300 3319 legun-

161 3349 227 3405 tur:
254 3341 412 3422 edaupcrc
435 3338 540 3402 Plaut.
567 3338 665 3402 Stich.
693 3341 722 3417 2,
744 3341 772 3418 2,
794 3341 844 3402 62.
893 3339 967 3403 Ter.
992 3339 1108 3402 Heaut.
1136 3341 1295 3419 3,1,26;

161 3465 320 3524 eeoupore
342 3443 391 3506 Pl.
411 3440 511 3505 Stich.
538 3443 567 3520 2,
592 3445 619 3521 i,
639 3443 690 3504 32.
732 3441 815 3505 Eun.
835 3462 908 3505 ann.
929 3443 990 3504 290
1003 3441 1041 3504 V.
1082 3441 1151 3504 Ter.
1178 3442 1296 3507 Heaut.

161 3549 191 3624 2,
214 3549 242 3624 2,
263 3548 295 3609 3.
335 3543 430 3628 Apud
453 3563 570 3609 aureae
593 3550 700 3608 autem
724 3544 841 3610 aetatis
864 3543 1034 3627 scriptores
1049 3543 1134 3608 idem
1151 3544 1218 3610 iare
1233 3545 1298 3610 illis

159 3647 278 3713 accidit
301 3647 384 3730 quod
408 3646 494 3730 apud
511 3647 713 3714 Ciceronem:
741 3670 892 3731 occepere
914 3648 1010 3726 enim,
1038 3646 1121 3729 quod
1145 3667 1184 3712 ex
1203 3647 1298 3712 huius

160 3752 277 3817 aetatis
293 3750 502 3834 scriptoribus
518 3769 599 3814 unus
616 3750 785 3816 Lucretius
802 3757 831 3830 5,
849 3755 904 3813 611
928 3749 1067 3829 admisit,
1088 3750 1175 3833 apud
1190 3758 1297 3834 poste-

160 3855 255 3920 rioris
282 3853 410 3918 demum
438 3853 591 3937 temporis
619 3853 806 3937 scriptores,
842 3854 929 3916 velut
957 3851 1043 3935 apud
1073 3852 1298 3936 Symmachum

160 3981 214 4042 ep.
244 3964 270 4038 1,
291 3961 330 4021 27
355 3963 387 4022 ct
409 3957 494 4040 apud
518 3957 711 4022 Eucherium
737 3976 788 4040 ep.
815 3975 961 4040 parcen,
994 3955 1099 4020 denuo
1128 3956 1296 4039 reperitur.

161 4061 357 4146 Adcopendi
365 4069 471 4126 autem
484 4061 581 4126 verbo
593 4060 738 4130 nonnulli
752 4078 869 4124 aureae
881 4058 997 4124 aetatis
1013 4058 1184 4142 scriptores
1200 4057 1299 4124 inter-

160 4165 237 4230 dum
254 4170 395 4245 utuntur,
413 4164 500 4228 velut
512 4163 633 4228 Caesar
647 4162 679 4226 b.
695 4162 755 4228 civ.
773 4166 803 4240 3,
815 4165 871 4234 58;
891 4161 968 4226 item
983 4167 1067 4226 suet.
1087 4162 1118 4226 h.
1133 4161 1228 4225 Alex.
1242 4164 1295 4232 12;

159 4275 247 4334 auct.
261 4269 292 4332 b.
304 4266 371 4330 Ah.
390 4272 418 4350 1,
431 4272 460 4347 5,
476 4287 570 4349 quem
583 4273 752 4347 utrumque
764 4287 784 4330 a
795 4285 941 4331 sermone
951 4263 1078 4348 vulgari
1091 4285 1154 4329 non
1166 4263 1298 4328 nimium
