3280 4934
354 327 393 392 18
616 351 618 362 ·
783 367 825 378 -
872 330 968 415 [114]
1012 369 1056 390 μ

350 521 411 608 μὲν
430 518 618 608 συμμάχους
636 515 888 609 ἀποτρέψαντες
911 533 969 614 τῆς
990 521 1132 613 γνώμης,
1156 517 1252 590 αὐτοὶ
1276 515 1309 589 δ’
1324 515 1400 590 οὐδ’
1420 519 1490 587 ἐπι-

349 625 558 717 χειρήσαντες
583 627 885 712 διαβουλεύσασθαι
907 634 985 718 περὶ
1006 629 1174 699 τοιούτων
1198 627 1323 717 ἔργων·

438 737 516 804 Xon.
538 737 579 814 ΙΙ,
602 738 632 814 2,
657 738 697 803 19
721 735 899 824 ἐκκλησίαν
923 737 1084 826 ἐποίησαν
1108 741 1162 828 (sc.
1186 737 1219 806 σέ
1243 735 1386 824 ἔφοροι),
1410 733 1446 800 έν
1469 723 1490 818 ᾗ
1576 749 1579 754 “

350 837 528 928 άντέλεγαν
556 845 735 931 Κορίνθιοι
766 845 823 910 καὶ
858 847 995 933 θηβαῖοι
1026 842 1181 931 μάλιστα,
1213 846 1334 912 πολλοὶ
1367 844 1402 910 δὲ
1433 845 1490 909 καὶ

351 945 446 1018 άλλοι
468 957 539 1016 τῶν
557 943 723 1039 Ἑλλήνων
746 943 789 1039 μὴ
803 951 1014 1019 ’σπένδεσθαι
1034 945 1220 1041 Ἀθηναίοις
1243 944 1315 1017 ἀλλ’
1333 948 1488 1036 ἐξαιρεῖν·

350 1054 608 1144 Λακεδαιμόνιοι
632 1057 668 1124 δὲ
692 1051 755 1125 ούκ
779 1053 907 1141 έφασαν
929 1055 1031 1126 πόλιν
1049 1052 1222 1147 Ἑλληνίδα
1240 1049 1489 1143 άνδραποδιεῑν,

348 1165 430 1251 μέγα
454 1157 586 1250 άγαθόν
614 1165 828 1253 εἰργασμένην
857 1163 894 1230 έν
916 1179 986 1243 τοῖς
1012 1167 1178 1252 μεγίστοις
1204 1160 1375 1241 κινδύνοις
1396 1187 1488 1248 γενο-

349 1272 462 1357 μένοις
480 1280 519 1355 τη
538 1265 677 1352 Ἑλλάδι,
702 1264 772 1337 ἀλλ’
792 1271 1006 1339 ἐποιοῦντο
1030 1270 1189 1361 εἰρήνην
1213 1321 1289 1338 ....
1336 1271 1413 1336 Χευ.
1433 1270 1489 1348 ΙΙΙ,

349 1379 379 1466 5,
403 1381 423 1445 8
452 1370 472 1444 ά
499 1379 560 1464 μέν
586 1379 758 1463 μέμφεσθε
785 1372 863 1466 ημῖν
891 1381 946 1467 (sc.
969 1393 1040 1458 τοῖς
1070 1381 1239 1466 θηβαίοις)
1268 1371 1314 1455 ὡς
1341 1395 1488 1464 φηφισα-

348 1485 461 1571 μένων
477 1477 605 1569 χαλεπά
623 1488 700 1571 περὶ
719 1477 814 1569 ὑμῶν
838 1485 879 1551 έν
902 1493 946 1570 τῇ
968 1481 1181 1552 καταλύσει
1205 1493 1275 1552 τοῦ
1298 1484 1488 1569 πολέμου,

350 1586 412 1660 ούκ
440 1585 555 1680 ὀρθῶς
585 1591 770 1676 μέμφεσθε·
804 1584 846 1659 ού
876 1586 938 1680 γὰρ
969 1586 990 1680 ἡ
1017 1589 1116 1670 πόλις
1148 1591 1260 1658 ἐκεῖνα
1292 1592 1488 1679 ἐψηφίσατο,

349 1692 420 1765 ἀλλ’
444 1694 489 1776 εἷς
512 1691 595 1786 ἀνὴρ
619 1695 722 1779 εέπεν,
751 1689 787 1776 iic
811 1696 904 1784 έτυχε
927 1695 1005 1766 τότε
1028 1698 1066 1764 έν
1088 1711 1159 1777 τοῖς
1182 1695 1361 1785 συμμάχοις
1382 1693 1487 1785 καθή-

348 1829 455 1890 μενος.

437 1913 518 1978 Plut.
547 1908 631 1979 ἔνιοι
659 1913 694 1978 δὲ
721 1913 778 1979 καὶ
803 1913 1013 2000 προτεθῆναί
1040 1931 1144 1996 φασιν
1167 1906 1213 1990 ὡς
1240 1905 1376 2000 άληθῶς
1403 1904 1487 1998 ὑπὲρ

351 2012 623 2105 ἀνδραποδισμοῦ
645 2015 781 2106 γνώμην
805 2017 842 2083 έν
864 2031 934 2098 τοῖς
959 2017 1152 2106 συμμάχοις,
1180 2011 1236 2086 ὅτε
1258 2013 1400 2085 καὶτὸν
1425 2021 1486 2106 Θη-

348 2131 444 2207 βαῖον
463 2117 639 2213 Ἐρίανθον
663 2121 899 2212 εἰσηγήσασθαι
921 2119 961 2192 τὸ
987 2127 1048 2211 μὲν
1073 2122 1156 2194 ἄστυ
1179 2123 1402 2212 κατασκάψαι,
1425 2119 1488 2213 τὴν

350 2233 385 2298 δὲ
406 2229 520 2320 χώραν
544 2225 671 2298 άνεῖναι
693 2229 895 2320 μηλόβοτον·
925 2230 995 2299 εἶτα
1016 2233 1131 2319 μέντοι
1155 2234 1333 2310 συνουσίας
1354 2232 1486 2317 γενομέ-

348 2361 407 2427 νης
429 2347 499 2404 τοῖν
521 2332 696 2427 ἡγεμόνων
723 2329 815 2426 παρὰ
842 2335 951 2406 πότον
974 2340 1030 2405 καί
1058 2363 1148 2418 τινος
1175 2339 1321 2418 Φωκέως
1344 2334 1487 2428 ᾄσαντος

349 2443 387 2510 ἐκ
409 2455 467 2533 τῆς
486 2439 671 2533 Εὐριπίδου
693 2438 864 2530 Ἠλέκτρας
886 2436 948 2533 τὴν
974 2441 1127 2533 πάροδον
1151 2499 1157 2512 .
1179 2499 1185 2511 .
1207 2499 1213 2511 .
1234 2499 1241 2512 .
1265 2442 1394 2522 πάντας
1417 2443 1487 2510 έπι-

348 2557 537 2641 κλασθῆναι
568 2554 624 2618 καὶ
653 2561 800 2640 φανῆναι
828 2552 978 2637 σχέτλιον
1011 2549 1109 2639 έργον
1141 2545 1203 2640 τὴν
1231 2544 1340 2630 οὕτως
1368 2545 1487 2618 εύκλεᾶ

348 2661 405 2724 καὶ
436 2655 612 2738 τοιούτους
643 2653 767 2747 ἄνδρας
798 2659 969 2746 φέρουσαν
997 2652 1128 2726 άνελεῖν
1160 2663 1217 2726 καὶ
1249 2655 1487 2747 διεργάσασθαι

347 2759 458 2830 πόλιν.

438 2873 512 2938 lust„
532 2893 614 2955 quae
632 2874 686 2958 (σε.
704 2874 789 2961 pax)
813 2895 858 2940 αα
875 2875 950 2940 dem·
972 2874 1100 2954 deberet,
1126 2874 1184 2939 διίι
1204 2874 1287 2937 αἰτίαν
1304 2873 1486 2954 Spartanos

347 2980 507 3062 sociosque
538 2980 751 3046 deliberatum.
820 2978 897 3046 ssim
927 2981 1020 3046 mulii
1051 2981 1217 3046 delendum
1249 2980 1486 3046 Atheniensium

347 3107 459 3152 αοιιιυιι
489 3087 656 3170 urbemque
686 3089 830 3153 incendio
857 3089 1099 3182 οσαεηιαιιιιδαιο
1126 3094 1295 3167 censerent,
1328 3091 1485 3171 αορανιιιιῖ

347 3214 379 3260 se
400 3191 558 3274 Spartani
579 3215 617 3259 αα
639 3195 760 3260 duobus
785 3193 941 3262 Graeciae
963 3195 1062 3262 οοιιλίε
1084 3196 1220 3260 alierum
1241 3198 1395 3260 oraturos,
1405 3193 1431 3280 ¹)

351 3341 491 3349 ------

437 3407 457 3475 ¹)
476 3407 598 3462 Eandem
621 3406 774 3462 contionem
802 3413 1013 3464 commemorant
1036 3410 1182 3474 Isocrates,
1206 3407 1417 3472 Demosthenes,
1440 3405 1484 3462 Ρε.

348 3495 507 3562 Aeschines,
527 3501 622 3550 auctor
636 3497 709 3565 apud
724 3497 847 3564 suidam
867 3513 920 3566 quo
935 3503 1026 3552 tamen
1036 3504 1158 3566 tempore
1173 3495 1264 3562 suerit,
1280 3495 1390 3552 silentio
1404 3511 1484 3566 prae·

347 3590 465 3639 tereunt.
502 3586 584 3639 Isocr.
604 3585 663 3650 XV,
682 3587 715 3639 31
740 3579 773 3639 ού
793 3579 1026 3655 δυστυχησάντων
1049 3578 1127 3652 ύμῶυ
1149 3573 1231 3652 μόνόι
1254 3587 1312 3638 τῶν
1330 3579 1485 3654 συμμάχων

346 3682 392 3740 (ευ.
408 3669 434 3727 oi
452 3675 578 3745 θηβαῖοι)
598 3665 700 3727 έθεντο
714 3669 765 3742 τὴν
779 3678 885 3743 ψῆφον,
905 3667 943 3738 ὡς
958 3669 1012 3744 χρὴ
1032 3669 1083 3743 τήν
1103 3693 1131 3729 τε
1148 3669 1230 3727 πόλιν
1245 3669 1484 3741 έξανδραποδίσα·

347 3765 416 3816 σθαι
431 3764 478 3816 καῖ
492 3758 543 3830 τὴν
555 3758 652 3832 χώραν
665 3757 772 3817 άνεῖναι
791 3757 950 3834 μηλόβοτον
964 3751 1063 3834 όέσπερ
1078 3759 1109 3818 τὸ
1126 3763 1264 3831 Κρισαῖον
1277 3761 1386 3830 πεδίον;
1405 3761 1484 3816 Dem.

347 3851 421 3916 XIX,
432 3851 467 3905 65
485 3845 556 3904 ἀλλὰ
573 3847 630 3920 μὴν
648 3840 692 3906 ότι
709 3848 760 3921 τὴν
779 3847 910 3906 ἐναντίαν
928 3850 998 3906 ποτε
1017 3853 1148 3924 θηβαίοις
1166 3855 1265 3920 ψῆφον
1284 3843 1386 3906 έθεντο
1406 3841 1484 3906 οὗτοι

347 3955 393 4006 (σε.
422 3935 448 3994 οῖ
480 3941 600 4008 Φωκεῖς)
628 3943 694 4010 περί
722 3935 801 4010 ἡμῶν
828 3935 900 4012 ὑπὲρ
928 3936 1157 4010 ἀνδραποδισμοῦ
1185 3941 1379 4010 προτεθεῖσαν
1405 3931 1485 4007 ὑμῶν

347 4021 438 4097 ἔγωγε
458 4023 554 4082 ἀκούω
574 4024 695 4082 πάντων.
720 4029 754 4084 cf.
769 4028 891 4084 eiusdem
910 4029 1041 4086 orationis
1059 4035 1073 4094 θ
1092 4031 1133 4085 66.
1177 4028 1303 4099 [Aesch]
1324 4045 1366 4098 ep.
1383 4029 1429 4094 XI,
1451 4029 1484 4083 13

345 4111 416 4171 ἀλλὰ
435 4119 483 4170 καί
501 4111 610 4172 τούτων
628 4121 769 4186 φθονοῦσι
789 4112 925 4189 πράττειν
942 4109 960 4172 ii
980 4119 1025 4172 δεῖ
1039 4115 1230 4189 βουλομένοις,
1250 4111 1304 4182 έως
1322 4110 1358 4172 civ
1375 4113 1408 4172 τὸ
1430 4121 1484 4187 θη-

345 4205 435 4275 βαίων
454 4199 676 4261 πολιτεύσονται
694 4207 863 4274 πολίτευμα,
887 4201 1048 4278 μηλόβοτον
1066 4200 1145 4274 ὑμῶν
1164 4203 1300 4277 γενέσθαι
1319 4201 1370 4274 τὴν
1386 4200 1485 4276 χώραν

345 4295 393 4348 καῖ
408 4300 625 4364 κατασκαφῆναι
642 4292 693 4365 τὴν
706 4291 788 4352 πόλιν
802 4291 1022 4365 ἀναγκάσαντες.
1052 4295 1126 4351 Suid.
1142 4311 1161 4349 ε.
1177 4312 1200 4350 υ.
1215 4289 1373 4366 μηλόβοτος
1388 4289 1483 4364 χαίροι

343 4382 553 4457 βουλευομένου
572 4383 601 4438 δὲ
621 4391 668 4454 (sc.
688 4387 737 4440 τοῦ
753 4383 900 4455 συνεδρίου
918 4387 969 4440 τοῦ
987 4385 1046 4438 τῶν
1060 4379 1233 4453 συμμάχων),
1254 4372 1331 4447 όπως
1349 4387 1382 4454 τῇ
1401 4379 1483 4441 πόλει
