3262 4926
616 404 829 466 ..69-

156 592 374 681 ῃὸπὼ

659 695 704 775 Π,
728 696 790 760 998

198 807 391 886 quapropter
411 799 522 864 mento
544 807 721 863 molanum
743 819 853 862 nomeu
875 799 1023 882 adoptarat
1050 799 1104 882 (se.
1122 804 1247 885 natura)

157 912 252 989 atque
631 899 670 983 V,
698 903 771 966 795.
798 905 817 966 6

312 1005 475 1091 linquitur,
501 1013 537 1069 ut
560 1004 671 1070 merito
694 1013 870 1070 maternum
891 1025 1002 1069 nomen
1025 1005 1141 1088 adepta

312 1117 398 1174 testa
419 1107 471 1186 ait,
497 1129 514 1171 e
537 1115 623 1172 tarra
646 1106 792 1192 quondam
812 1114 888 1170 aaut
907 1116 1018 1172 cuncta
1034 1116 1141 1172 creata

157 1234 196 1280 ex
219 1213 258 1295 V,
285 1214 342 1277 821
370 1230 440 1295 sqq.

265 1337 361 1401 quare
382 1314 476 1379 etrbm
498 1321 592 1398 utque
614 1313 708 1378 etabm
730 1322 906 1377 maternum
928 1335 1036 1378 nomen
1058 1315 1174 1399 adepta

265 1427 351 1484 terra
374 1425 457 1482 tanet
477 1416 599 1496 merito,
626 1415 771 1501 quoniam
791 1437 889 1500 penus
909 1416 980 1500 apsa
1002 1418 1121 1482 creavit

263 1521 458 1586 humatum,
480 1570 487 1584 .
510 1569 516 1583 .

159 1623 301 1710 repetitis
324 1643 380 1708 pg.
406 1625 447 1686 30
470 1641 520 1705 sq.
545 1620 708 1687 adnotavi.
733 1659 776 1669 —

244 1828 401 1908 Quoniam
424 1847 480 1895 eos
502 1847 615 1894 versus
638 1827 843 1912 absolvimus,
869 1847 949 1912 quos
965 1827 1095 1913 saepius
1110 1829 1144 1894 in
1156 1829 1297 1897 Lucretii

158 1933 350 2000 carminibus
373 1931 524 2017 repetitos
546 1931 696 2015 legimus,
722 1951 806 1997 nuno
829 1951 902 1997 eum
924 1930 967 1996 ad
990 1951 1045 1998 eos
1065 1932 1205 1997 animum
1221 1953 1298 1999 oon-

157 2043 289 2118 vertam,
322 2035 376 2118 qui
400 2055 463 2100 non
487 2034 624 2120 amplius
646 2034 747 2100 semel
770 2033 876 2100 iterati
900 2041 984 2114 sunt,
1010 2035 1065 2099 vix
1087 2035 1253 2119 quisquam
1277 2059 1299 2102 a

158 2159 209 2205 me
231 2136 416 2223 postulabit,
442 2143 477 2202 nt
498 2135 532 2202 in
555 2136 602 2203 ais
625 2135 852 2202 enumerandis
871 2141 993 2201 eertum
1009 2136 1152 2202 ordinem
1169 2157 1295 2221 sequar.

160 2241 271 2322 Neque
293 2238 379 2304 enim
401 2238 518 2305 multos
540 2238 637 2304 looos.
650 2237 793 2320 afferam,
819 2237 875 2320 qui
897 2257 937 2302 ex
959 2256 1024 2302 una
1045 2237 1222 2322 eadamque
1244 2241 1298 2307 vel

159 2343 383 2430 similioausa
410 2341 595 2426 interpolati
617 2339 804 2406 videantur:
834 2339 932 2404 immo
958 2339 992 2404 iu
1022 2340 1170 2425 plurimis
1192 2344 1299 2409 seelu-

159 2446 274 2514 dendis
297 2445 408 2531 plures
431 2462 549 2511 eansae
570 2444 690 2509 valent.

245 2549 374 2614 Initium
405 2554 510 2614 autem
542 2546 660 2619 faciam
690 2548 730 2611 ab
760 2565 798 2612 eo
820 2546 909 2627 loeo,
941 2566 1035 2630 quem
1059 2546 1114 2613 diu
1138 2547 1297 2616 haesitavi

159 2660 262 2719 utrum
286 2651 399 2718 editori
423 2672 465 2717 an
488 2649 696 2734 grammatioo
718 2649 846 2716 darem:

632 2752 658 2834 1,
687 2754 823 2818 sue-8.

158 2859 221 2937 Qui
244 2876 356 2924 versus
380 2877 450 2924 oum
474 2855 538 2922 sint
559 2856 685 2941 repetiti
709 2876 750 2922 ex
771 2863 934 2940 postrema
956 2863 1048 2942 parte
1071 2877 1219 2925 versuum
1240 2859 1295 2944 VI,
1351 2887 1363 2894 ·

160 2963 298 3043 35-42,
326 2960 380 3043 qui
403 2959 498 3025 etiam
522 2960 556 3024 in
571 2958 734 3044 prooemio
750 2957 883 3024 seoundi
899 2966 931 3025 et
945 2959 1031 3026 tertii
1047 2959 1120 3026 libri
1135 2961 1295 3046 leguntur,

158 3071 194 3130 ut
208 3063 301 3130 nobis
323 3062 427 3128 visum
451 3069 512 3142 est,
537 3062 578 3128 ab
601 3060 722 3127 editore
737 3059 849 3142 additi,
875 3060 972 3128 facile
994 3062 1174 3148 intelleges,
1201 3054 1297 3146 qua'm

159 3172 286 3250 gratum
309 3164 450 3232 futurum
474 3163 570 3230 luerit
592 3163 675 3230 hane
704 3183 831 3247 qnoque
852 3163 1054 3231 iterationem
1076 3165 1125 3231 illi
1148 3165 1298 3234 tribuere.

159 3268 253 3348 Quod
280 3287 321 3334 ne
343 3268 493 3350 lacerem,
519 3287 584 3334 una
606 3285 705 3334 eausa
726 3266 884 3333 adductus
899 3287 981 3347 sum,
1000 3287 1096 3350 quam
1118 3268 1204 3335 inira
1225 3290 1299 3354 pro-

159 3391 289 3456 ponam.
336 3371 430 3438 Nune
457 3369 593 3455 primum
622 3369 847 3435 demonstrabo
876 3389 933 3436 eos
962 3388 1074 3436 versus
1103 3391 1124 3436 a
1153 3372 1300 3440 Lucretio

160 3474 296 3560 scriptos
319 3492 383 3539 non
405 3492 489 3540 esse.

246 3577 354 3642 Verba
386 3573 471 3640 enim
501 3573 583 3638 duaa
621 3584 771 3640 terrorum
800 3598 874 3640 nors
903 3575 1017 3640 rodii
1042 3577 1143 3643 solis
1172 3599 1300 3664 oeque

161 3678 297 3742 lueida
329 3679 410 3741 talu
432 3677 520 3740 diei
539 3677 710 3742 discutiant
731 3700 852 3742 necesse
874 3687 922 3744 esi
943 3679 1072 3746 omnino
1092 3699 1158 3746 non
1181 3681 1301 3747 habent

159 3801 223 3864 quo
246 3787 403 3866 spectent,
428 3779 490 3845 nisi
514 3779 710 3864 praecedunt
732 3782 831 3847 verba
853 3782 952 3847 veluti
965 3781 1065 3866 pueri
1087 3783 1245 3866 trepidant
1267 3785 1300 3849 ia

161 3883 306 3964 tenebris,
331 3884 377 3948 aio
390 3905 447 3948 noa
468 3883 508 3946 a‘a
531 3882 616 3947 luce
643 3883 704 3967 (bei
718 3883 915 3968 Tugoslieht)
937 3885 1078 3950 timemus
1097 3894 1168 3967 eta,
1194 3907 1299 3972 neque

159 3993 297 4071 possunt
318 3985 388 4052 sine
409 3985 475 4051 illis
501 3984 667 4070 compositi
691 4005 774 4053 esse.
823 3987 930 4066 Quare
958 3987 985 4052 si
1009 3987 1148 4055 Lucretii
1177 3999 1297 4077 esseut,

160 4089 212 4156 bie
238 4091 279 4157 ab
307 4109 345 4156 eo
372 4089 484 4157 inserti
506 4096 628 4169 assent,
652 4097 821 4176 postquam
843 4091 897 4173 VI,
929 4093 1055 4157 35-42
1079 4093 1190 4179 seripti
1213 4102 1298 4162 sunt.

159 4191 253 4270 Quod
276 4200 308 4259 et
329 4213 388 4278 per
410 4213 445 4260 se
466 4192 535 4259 veri
558 4191 716 4260 dissimile
743 4201 808 4276 est,
834 4213 941 4278 neque
962 4195 1100 4264 Lucretii
1132 4205 1181 4264 est
1204 4217 1301 4264 sonos

160 4301 285 4362 tantum
312 4296 503 4381 profundere
534 4296 625 4363 nulla
652 4315 768 4365 sensus
795 4297 919 4365 ratione
948 4299 1068 4366 habita.
1117 4299 1182 4367 Sed
1205 4301 1301 4368 facile
