3262 4926
810 359 1025 420 ..55-

243 623 248 630 .
349 543 438 623 dixi,
463 543 554 611 iuxta
576 550 680 610 motus
704 543 949 630 primordiorum
971 546 1042 612 rias
1063 544 1308 630 primordiorum
1337 543 1406 614 dici
1440 565 1505 610 ue-

373 665 452 714 nire.

349 667 371 729 q
438 749 503 816 Sed
525 749 723 818 redeundum
746 757 796 816 est
818 750 861 816 ad
884 750 1126 818 similitudinem
1150 751 1238 818 illam
1254 752 1338 818 inter
1353 753 1504 838 primor-

351 852 406 918 dia
439 860 471 919 et
500 853 666 920 verborum
700 855 860 920 elementa
890 855 1097 939 propositam.
1154 854 1234 921 Nam
1268 856 1368 922 etiam
1402 858 1505 922 tertio

352 957 421 1022 loco
444 977 517 1024 eam
539 956 582 1022 ab
604 956 831 1043 interpolatore
851 957 1005 1024 insertam
1028 978 1101 1024 esse
1124 958 1250 1025 ostendi
1271 965 1392 1042 potest.

810 1061 836 1138 Ι,
864 1062 1024 1126 sot-14.

625 1163 725 1245 (908).
750 1166 781 1226 u.
811 1163 977 1245 10:211,
1011 1165 1129 1245 (1007).
1157 1165 1185 1227 8.
1213 1166 1232 1227 9

450 1267 513 1328 907
541 1266 653 1329 Iamne
675 1264 761 1329 orales
783 1265 892 1350 ipitw,
912 1267 1012 1348 panto
1035 1267 1121 1350 qaod
1139 1265 1275 1328 dr'aimas
1296 1274 1385 1343 ante,

535 1369 707 1452 perrnapni
726 1370 849 1454 referre
872 1370 979 1434 eadem
994 1368 1174 1452 pn'rnordia
1196 1390 1289 1450 saepe

513 1484 516 1492 ’
542 1491 611 1532 cnm
634 1469 744 1553 quibas
765 1479 797 1534 et
819 1470 907 1554 quali
923 1470 1070 1553 positura
1092 1471 1311 1536 contineantur

452 1573 515 1634 910
544 1579 575 1634 et
597 1594 672 1656 qaas
693 1573 776 1636 inter
796 1594 829 1636 se
851 1575 926 1636 dent
946 1583 1048 1638 motas
1070 1574 1297 1657 accipiantque,

540 1683 632 1758 atque
655 1677 761 1740 eadem
777 1676 878 1759 paula
901 1677 984 1740 inter
1005 1697 1039 1740 se
1059 1685 1182 1742 mutata
1203 1699 1311 1741 creare

540 1777 627 1861 r'pnes
650 1787 681 1843 et
703 1778 847 1863 tiquam?
870 1801 929 1863 qno
946 1788 1044 1862 pacto
1067 1781 1162 1844 verda
1186 1801 1306 1863 quoque
1328 1779 1402 1864 iasa

541 1880 624 1946 inter
646 1904 679 1946 se
695 1882 796 1964 ponto
818 1882 947 1947 mutatis
969 1891 1042 1946 sant
1064 1883 1234 1961 elementis,

542 2005 612 2048 cum
634 1983 720 2068 liqna
742 1993 836 2069 atque
857 1985 944 2068 ipnes
965 1985 1115 2048 distincta
1137 2007 1208 2048 uoce
1229 1993 1381 2048 notemus.

352 2087 399 2159 Ac
422 2086 558 2170 primum
582 2087 710 2170 quidem
733 2087 866 2154 offendit
885 2087 1073 2154 adverbium
1088 2109 1181 2170 saepe
1195 2087 1228 2152 iu
1244 2090 1307 2152 908
1323 2107 1363 2154 uc
1383 2089 1496 2172 potius

354 2188 472 2256 falsum
487 2196 546 2268 est,
565 2189 650 2273 quud
672 2213 816 2273 semper
839 2190 945 2271 refert,
965 2210 1036 2256 oum
1052 2190 1168 2273 quibus
1184 2189 1360 2274 primordia
1374 2191 1495 2257 eadem

350 2290 583 2357 contineantur.
631 2292 757 2358 Deinde
779 2312 850 2358 cum
875 2291 1049 2359 similitudo
1071 2292 1129 2357 illa
1156 2293 1240 2358 inter
1262 2293 1438 2376 primordia
1462 2301 1497 2359 et

350 2395 511 2461 elementa
532 2394 564 2459 in
588 2396 735 2478 exemplo
750 2395 835 2478 ignis
851 2402 884 2462 et
898 2395 977 2478 ligni
996 2394 1197 2476 adhibeatur,
1224 2395 1348 2475 dicitur,
1374 2397 1496 2463 cadem

352 2497 526 2583 primordia
548 2499 645 2582 paulo
667 2498 749 2564 inter
772 2516 807 2564 se
830 2503 954 2563 munta
976 2517 1084 2564 creare
1107 2499 1200 2582 ignes
1223 2505 1256 2564 et
1277 2498 1411 2581 lignum.
1456 2500 1497 2563 ld

352 2601 518 2667 Lucretius
541 2620 604 2668 non
620 2600 758 2685 scripsit.
799 2600 883 2666 Nam
906 2600 1052 2684 quamvis
1075 2600 1246 2667 contendat
1268 2601 1376 2666 multis
1393 2603 1497 2668 rebus

352 2704 453 2768 multa
474 2703 648 2787 primordia
670 2703 849 2769 communia
871 2721 959 2786 esse,
993 2709 1101 2770 tamen
1129 2710 1216 2769 certe
1244 2702 1495 2788 primordiorum

350 2824 471 2888 genera
498 2805 549 2886 (Η,
571 2808 750 2883 rso-521)
778 2825 850 2872 esse
873 2806 995 2888 statuit,
1022 2826 1114 2889 quae,
1142 2807 1254 2872 sinon
1277 2806 1344 2872 alia
1365 2806 1496 2872 ratione

350 2915 385 2972 at
407 2907 519 2990 figuris
542 2914 650 2974 tamen
672 2909 755 2974 iuter
777 2928 812 2974 se
835 2908 1007 2988 diffe1·nnt;·
1027 2908 1144 2976 deinde
1166 2909 1200 2974 in
1222 2908 1296 2975 aliis
1311 2910 1408 2975 rebus
1423 2909 1495 2975 alia

350 3009 593 3096 primordiorum
616 3030 737 3094 genera
759 3031 889 3078 numero
907 3013 1093 3096 praevalere
1109 3012 1306 3078 demonstrat
1319 3013 1363 3094 Π,
1382 3013 1495 3077 38¹-

351 3115 426 3176 477.
467 3113 646 3195 Praeterea,
672 3120 707 3180 ut
726 3114 831 3197 ipsius
846 3114 956 3196 verba,
974 3115 1070 3194 uude,
1089 3117 1172 3198 quae
1187 3115 1229 3180 sit
1243 3113 1493 3198 primordiorum

350 3215 385 3280 in
408 3215 502 3281 rebus
525 3217 745 3298 communitas,
771 3216 950 3284 clarissime
972 3223 1138 3302 appareat,
1165 3217 1309 3298 afferam,
1336 3219 1361 3298 1,
1381 3220 1493 3283 798-

352 3320 415 3382 802
438 3317 499 3384 ait:

394 3421 470 3506 qain
486 3422 596 3505 potins
619 3422 679 3487 toli
697 3431 813 3487 nectara
829 3423 980 3506 praedita
1002 3425 1155 3507 quaedam

394 3547 527 3608 corpora
548 3525 731 3602 constituas,
756 3525 858 3609 ipnern
880 3526 910 3589 ci
920 3528 1016 3612 forte
1038 3525 1186 3606 acarini,
1242 3567 1244 3570 -

389 3650 484 3711 posse
504 3629 621 3708 eodan,
648 3628 991 3711 demptispaacis
1007 3627 1239 3713 paucisque
1264 3627 1456 3706 tributis,

394 3729 541 3794 ordine
561 3739 716 3794 mutato
738 3739 776 3794 ct
798 3732 1053 3816 mcta‚facere
1075 3729 1157 3794 aetus
1179 3752 1287 3806 auras,
1398 3714 1403 3726 ’

396 3833 441 3896 sic
463 3833 545 3897 alias
567 3832 641 3898 alin
662 3833 754 3897 rebam
774 3833 927 3898 mutarier
950 3833 1074 3896 omnia?

352 3937 465 4019 ltaque
486 3935 556 4002 fieri
578 3955 643 4002 non
670 3936 789 4020 potuit,
823 3942 858 4000 ut
887 3935 973 4019 ignis
1001 3935 1184 4020 primordiis
1214 3936 1311 4018 paulo
1342 3936 1425 4002 inter
1454 3955 1491 4001 se

351 4038 482 4106 mutatis
505 4039 627 4121 lignum
650 4038 726 4104 oriri
747 4046 884 4123 potaret.
924 4037 1031 4115 Quid?
1052 4038 1137 4121 quod
1156 4038 1328 4104 caelestem
1346 4038 1490 4104 fulminis

350 4141 458 4224 ignem
487 4140 637 4208 subtilem
667 4141 770 4224 magis
799 4161 893 4225 quam
925 4141 1120 4206 terrestrium
1149 4140 1315 4207 taedarum
1338 4161 1357 4206 e
1379 4141 1489 4225 parvis

347 4249 497 4312 constare
519 4243 631 4327 figuris
654 4250 783 4321 censet,
808 4245 854 4310 ita
876 4249 912 4309 ut
934 4244 1109 4310 mutatione
1132 4250 1254 4309 tantum
1278 4243 1400 4310 ordinis
1422 4243 1489 4328 pn'-
