<?xml version="1.0" encoding="UTF-8"?>
<!DOCTYPE html PUBLIC "-//W3C//DTD XHTML 1.0 Transitional//EN"
    "http://www.w3.org/TR/xhtml1/DTD/xhtml1-transitional.dtd">
<html xmlns="http://www.w3.org/1999/xhtml" xml:lang="en" lang="en">
 <head>
  <title>
</title>
<meta http-equiv="Content-Type" content="text/html;charset=utf-8" />
  <meta name='ocr-system' content='tesseract 3.04.00' />
  <meta name='ocr-capabilities' content='ocr_page ocr_carea ocr_par ocr_line ocrx_word'/>
</head>
<body>
  <div class='ocr_page' id='page_1' title='image "./dissertationesp01stragoog_0075.png"; bbox 0 0 3274 4938; ppageno 0'>
   <div class='ocr_carea' id='block_1_1' title="bbox 345 391 1035 480">
    <p class='ocr_par' dir='ltr' id='par_1_1' title="bbox 345 391 1035 480">
     <span class='ocr_line' id='line_1_1' title="bbox 345 391 1035 480; baseline -0.017 -24"><span class='ocrx_word' id='word_1_1' title='bbox 345 391 386 456; x_wconf 74' lang='grc' dir='ltr'><strong>ιν</strong></span> <span class='ocrx_word' id='word_1_2' title='bbox 787 433 827 443; x_wconf 89' lang='lat'>-</span> <span class='ocrx_word' id='word_1_3' title='bbox 875 395 948 480; x_wconf 84' lang='lat' dir='ltr'><strong>[oe]</strong></span> <span class='ocrx_word' id='word_1_4' title='bbox 996 435 1035 444; x_wconf 70' lang='grc'>,</span> 
     </span>
    </p>
   </div>
   <div class='ocr_carea' id='block_1_2' title="bbox 333 588 1482 4234">
    <p class='ocr_par' dir='ltr' id='par_1_2' title="bbox 337 588 1482 892">
     <span class='ocr_line' id='line_1_2' title="bbox 337 588 1481 677; baseline 0.004 -23"><span class='ocrx_word' id='word_1_5' title='bbox 337 588 509 656; x_wconf 85' lang='lat' dir='ltr'><strong>sententiae</strong></span> <span class='ocrx_word' id='word_1_6' title='bbox 531 588 581 655; x_wconf 88' lang='lat' dir='ltr'><strong>bis</strong></span> <span class='ocrx_word' id='word_1_7' title='bbox 604 592 724 675; x_wconf 85' lang='lat' dir='ltr'><strong>positas</strong></span> <span class='ocrx_word' id='word_1_8' title='bbox 747 591 939 658; x_wconf 67' lang='lat' dir='ltr'><strong>invenimus?</strong></span> <span class='ocrx_word' id='word_1_9' title='bbox 976 591 1059 658; x_wconf 85' lang='lat' dir='ltr'><strong>Sane</strong></span> <span class='ocrx_word' id='word_1_10' title='bbox 1082 593 1115 658; x_wconf 93' lang='lat' dir='ltr'><strong>id</strong></span> <span class='ocrx_word' id='word_1_11' title='bbox 1133 594 1262 676; x_wconf 90' lang='lat' dir='ltr'><strong>quidem</strong></span> <span class='ocrx_word' id='word_1_12' title='bbox 1281 592 1322 660; x_wconf 87' lang='lat' dir='ltr'><strong>sb</strong></span> <span class='ocrx_word' id='word_1_13' title='bbox 1340 615 1378 660; x_wconf 92' lang='lat' dir='ltr'><strong>eo</strong></span> <span class='ocrx_word' id='word_1_14' title='bbox 1396 595 1481 677; x_wconf 92' lang='lat' dir='ltr'><strong>quod</strong></span> 
     </span>
     <span class='ocr_line' id='line_1_3' title="bbox 337 696 1482 784; baseline 0.005 -24"><span class='ocrx_word' id='word_1_15' title='bbox 337 717 356 760; x_wconf 85' lang='lat' dir='ltr'><strong>e</strong></span> <span class='ocrx_word' id='word_1_16' title='bbox 378 696 469 764; x_wconf 89' lang='lat' dir='ltr'><strong>nobis</strong></span> <span class='ocrx_word' id='word_1_17' title='bbox 491 700 688 782; x_wconf 90' lang='lat' dir='ltr'><strong>propositum</strong></span> <span class='ocrx_word' id='word_1_18' title='bbox 711 705 759 766; x_wconf 88' lang='lat' dir='ltr'><strong>est</strong></span> <span class='ocrx_word' id='word_1_19' title='bbox 782 699 960 784; x_wconf 75' lang='lat' dir='ltr'><strong>discrepare</strong></span> <span class='ocrx_word' id='word_1_20' title='bbox 983 700 1116 777; x_wconf 86' lang='lat' dir='ltr'><strong>videtur,</strong></span> <span class='ocrx_word' id='word_1_21' title='bbox 1139 721 1174 766; x_wconf 88' lang='lat' dir='ltr'><strong>re</strong></span> <span class='ocrx_word' id='word_1_22' title='bbox 1196 722 1272 768; x_wconf 79' lang='lat' dir='ltr'><strong>vera</strong></span> <span class='ocrx_word' id='word_1_23' title='bbox 1293 707 1399 768; x_wconf 84' lang='lat' dir='ltr'><strong>tamen</strong></span> <span class='ocrx_word' id='word_1_24' title='bbox 1417 721 1482 768; x_wconf 93' lang='lat' dir='ltr'><strong>non</strong></span> 
     </span>
     <span class='ocr_line' id='line_1_4' title="bbox 337 803 1481 892; baseline 0.005 -24"><span class='ocrx_word' id='word_1_25' title='bbox 337 803 504 890; x_wconf 84' lang='lat' dir='ltr'><strong>discrepat</strong></span> <span class='ocrx_word' id='word_1_26' title='bbox 540 805 603 872; x_wconf 86' lang='lat' dir='ltr'><strong>Sed</strong></span> <span class='ocrx_word' id='word_1_27' title='bbox 622 805 783 872; x_wconf 85' lang='lat' dir='ltr'><strong>videamus</strong></span> <span class='ocrx_word' id='word_1_28' title='bbox 797 808 953 892; x_wconf 89' lang='lat' dir='ltr'><strong>quomodo</strong></span> <span class='ocrx_word' id='word_1_29' title='bbox 967 807 1028 874; x_wconf 90' lang='lat' dir='ltr'><strong>hoc</strong></span> <span class='ocrx_word' id='word_1_30' title='bbox 1041 807 1215 892; x_wconf 88' lang='lat' dir='ltr'><strong>periculum</strong></span> <span class='ocrx_word' id='word_1_31' title='bbox 1229 809 1412 876; x_wconf 86' lang='lat' dir='ltr'><strong>evitandum</strong></span> <span class='ocrx_word' id='word_1_32' title='bbox 1430 811 1481 874; x_wconf 89' lang='lat' dir='ltr'><strong>sit.</strong></span> 
     </span>
    </p>

    <p class='ocr_par' dir='ltr' id='par_1_3' title="bbox 335 912 1482 1214">
     <span class='ocr_line' id='line_1_5' title="bbox 424 912 1482 1002; baseline 0.005 -25"><span class='ocrx_word' id='word_1_33' title='bbox 424 912 530 996; x_wconf 81' lang='lat' dir='ltr'>Atque</span> <span class='ocrx_word' id='word_1_34' title='bbox 557 915 693 998; x_wconf 90' lang='lat' dir='ltr'><strong>primum</strong></span> <span class='ocrx_word' id='word_1_35' title='bbox 720 915 847 999; x_wconf 92' lang='lat' dir='ltr'><strong>quidem</strong></span> <span class='ocrx_word' id='word_1_36' title='bbox 873 915 1003 982; x_wconf 88' lang='lat' dir='ltr'><strong>consilio</strong></span> <span class='ocrx_word' id='word_1_37' title='bbox 1026 921 1134 982; x_wconf 86' lang='lat' dir='ltr'><strong>nostro</strong></span> <span class='ocrx_word' id='word_1_38' title='bbox 1157 937 1333 1002; x_wconf 87' lang='lat' dir='ltr'><strong>repugnare</strong></span> <span class='ocrx_word' id='word_1_39' title='bbox 1356 917 1482 982; x_wconf 83' lang='lat' dir='ltr'><strong>videtur</strong></span> 
     </span>
     <span class='ocr_line' id='line_1_6' title="bbox 336 1019 1482 1108; baseline 0.003 -24"><span class='ocrx_word' id='word_1_40' title='bbox 336 1019 548 1104; x_wconf 80' lang='lat' dir='ltr'><strong>fragmentum</strong></span> <span class='ocrx_word' id='word_1_41' title='bbox 571 1020 712 1088; x_wconf 85' lang='lat' dir='ltr'><strong>versibus</strong></span> <span class='ocrx_word' id='word_1_42' title='bbox 741 1022 815 1088; x_wconf 90' lang='grc'><strong>209.</strong></span> <span class='ocrx_word' id='word_1_43' title='bbox 835 1021 900 1088; x_wconf 92' lang='grc'><strong>210</strong></span> <span class='ocrx_word' id='word_1_44' title='bbox 927 1043 1123 1106; x_wconf 86' lang='lat' dir='ltr'><strong>expressum,</strong></span> <span class='ocrx_word' id='word_1_45' title='bbox 1150 1025 1235 1107; x_wconf 90' lang='lat' dir='ltr'><strong>quod</strong></span> <span class='ocrx_word' id='word_1_46' title='bbox 1262 1023 1369 1108; x_wconf 87' lang='lat' dir='ltr'><strong>paullo</strong></span> <span class='ocrx_word' id='word_1_47' title='bbox 1397 1022 1482 1088; x_wconf 83' lang='lat' dir='ltr'><strong>infra</strong></span> 
     </span>
     <span class='ocr_line' id='line_1_7' title="bbox 335 1127 979 1214; baseline 0 -20"><span class='ocrx_word' id='word_1_48' title='bbox 335 1133 407 1210; x_wconf 87' lang='lat' dir='ltr'><strong>post</strong></span> <span class='ocrx_word' id='word_1_49' title='bbox 429 1150 455 1194; x_wconf 86' lang='lat' dir='ltr'><strong>v.</strong></span> <span class='ocrx_word' id='word_1_50' title='bbox 480 1127 545 1194; x_wconf 83' lang='lat'><strong>332</strong></span> <span class='ocrx_word' id='word_1_51' title='bbox 568 1129 602 1192; x_wconf 91' lang='lat' dir='ltr'><strong>in</strong></span> <span class='ocrx_word' id='word_1_52' title='bbox 626 1130 732 1196; x_wconf 89' lang='lat' dir='ltr'><strong>codice</strong></span> <span class='ocrx_word' id='word_1_53' title='bbox 756 1131 786 1194; x_wconf 84' lang='lat' dir='ltr'><em>A</em></span> <span class='ocrx_word' id='word_1_54' title='bbox 809 1130 979 1214; x_wconf 87' lang='lat' dir='ltr'><strong>repetitur:</strong></span> 
     </span>
    </p>

    <p class='ocr_par' dir='ltr' id='par_1_4' title="bbox 478 1229 1481 1324">
     <span class='ocr_line' id='line_1_8' title="bbox 478 1229 1481 1324; baseline 0.003 -23"><span class='ocrx_word' id='word_1_55' title='bbox 478 1236 543 1302; x_wconf 89' lang='grc'><strong>209</strong></span> <span class='ocrx_word' id='word_1_56' title='bbox 571 1229 706 1314; x_wconf 61' lang='lat' dir='ltr'><strong>oodric</strong></span> <span class='ocrx_word' id='word_1_57' title='bbox 724 1260 786 1302; x_wconf 88' lang='grc' dir='ltr'><strong>τοι</strong></span> <span class='ocrx_word' id='word_1_58' title='bbox 805 1233 965 1322; x_wconf 75' lang='grc' dir='ltr'><em>φεύγοντι</em></span> <span class='ocrx_word' id='word_1_59' title='bbox 978 1238 1076 1320; x_wconf 84' lang='grc' dir='ltr'><strong><em>φίλος</em></strong></span> <span class='ocrx_word' id='word_1_60' title='bbox 1094 1238 1151 1302; x_wconf 87' lang='grc' dir='ltr'><strong>καὶ</strong></span> <span class='ocrx_word' id='word_1_61' title='bbox 1164 1230 1283 1316; x_wconf 87' lang='grc' dir='ltr'><strong><em>πιστός</em></strong></span> <span class='ocrx_word' id='word_1_62' title='bbox 1298 1233 1442 1324; x_wconf 71' lang='grc' dir='ltr'><strong><em>ἑταῖρος·</em></strong></span> <span class='ocrx_word' id='word_1_63' title='bbox 1454 1239 1481 1324; x_wconf 88' lang='lat'><strong>¹)</strong></span> 
     </span>
    </p>

    <p class='ocr_par' dir='ltr' id='par_1_5' title="bbox 335 1335 1479 1538">
     <span class='ocr_line' id='line_1_9' title="bbox 478 1335 1380 1431; baseline 0.002 -24"><span class='ocrx_word' id='word_1_64' title='bbox 478 1343 545 1409; x_wconf 91' lang='grc'><strong>210</strong></span> <span class='ocrx_word' id='word_1_65' title='bbox 611 1351 669 1431; x_wconf 82' lang='grc' dir='ltr'><strong>τῆς</strong></span> <span class='ocrx_word' id='word_1_66' title='bbox 693 1343 727 1410; x_wconf 78' lang='grc' dir='ltr'><strong>δὲ</strong></span> <span class='ocrx_word' id='word_1_67' title='bbox 752 1352 857 1431; x_wconf 79' lang='grc' dir='ltr'><em>φυγῆς</em></span> <span class='ocrx_word' id='word_1_68' title='bbox 880 1341 970 1410; x_wconf 80' lang='grc' dir='ltr'><strong><em>ἐστὶν</em></strong></span> <span class='ocrx_word' id='word_1_69' title='bbox 993 1337 1086 1410; x_wconf 82' lang='grc' dir='ltr'><strong><em>τοῦτ’</em></strong></span> <span class='ocrx_word' id='word_1_70' title='bbox 1109 1335 1380 1431; x_wconf 79' lang='grc' dir='ltr'><strong><em>α’νιηρότιρον.</em></strong></span> 
     </span>
     <span class='ocr_line' id='line_1_10' title="bbox 335 1443 1479 1538; baseline 0.003 -23"><span class='ocrx_word' id='word_1_71' title='bbox 335 1457 407 1534; x_wconf 91' lang='lat' dir='ltr'><strong>post</strong></span> <span class='ocrx_word' id='word_1_72' title='bbox 421 1473 447 1516; x_wconf 78' lang='lat' dir='ltr'><strong>v,</strong></span> <span class='ocrx_word' id='word_1_73' title='bbox 463 1451 543 1516; x_wconf 79' lang='lat'><strong>332:</strong></span> <span class='ocrx_word' id='word_1_74' title='bbox 570 1443 648 1515; x_wconf 80' lang='grc' dir='ltr'><strong>Οὐκ</strong></span> <span class='ocrx_word' id='word_1_75' title='bbox 671 1446 780 1518; x_wconf 80' lang='grc' dir='ltr'><strong><em>ἔστιν</em></strong></span> <span class='ocrx_word' id='word_1_76' title='bbox 807 1447 967 1536; x_wconf 79' lang='grc' dir='ltr'><em>φεύγοντι</em></span> <span class='ocrx_word' id='word_1_77' title='bbox 995 1453 1092 1534; x_wconf 81' lang='grc' dir='ltr'><strong><em>φίλος</em></strong></span> <span class='ocrx_word' id='word_1_78' title='bbox 1114 1453 1171 1517; x_wconf 83' lang='grc' dir='ltr'><strong>καὶ</strong></span> <span class='ocrx_word' id='word_1_79' title='bbox 1193 1444 1312 1532; x_wconf 82' lang='grc' dir='ltr'><strong><em>πιστὸς</em></strong></span> <span class='ocrx_word' id='word_1_80' title='bbox 1336 1447 1479 1538; x_wconf 76' lang='grc' dir='ltr'><strong><em>ἑταῖρος·</em></strong></span> 
     </span>
    </p>

    <p class='ocr_par' dir='ltr' id='par_1_6' title="bbox 610 1551 1389 1646">
     <span class='ocr_line' id='line_1_11' title="bbox 610 1551 1389 1646; baseline 0.004 -23"><span class='ocrx_word' id='word_1_81' title='bbox 610 1564 667 1645; x_wconf 86' lang='grc' dir='ltr'><strong>τῆς</strong></span> <span class='ocrx_word' id='word_1_82' title='bbox 692 1558 727 1624; x_wconf 77' lang='lat' dir='ltr'><strong>dt</strong></span> <span class='ocrx_word' id='word_1_83' title='bbox 750 1566 856 1646; x_wconf 82' lang='grc' dir='ltr'><em>φυγῆς</em></span> <span class='ocrx_word' id='word_1_84' title='bbox 879 1558 969 1625; x_wconf 79' lang='grc' dir='ltr'><strong><em>ἐστίν</em></strong></span> <span class='ocrx_word' id='word_1_85' title='bbox 993 1551 1090 1626; x_wconf 80' lang='grc' dir='ltr'><strong><em>τοῦτ’</em></strong></span> <span class='ocrx_word' id='word_1_86' title='bbox 1114 1551 1389 1646; x_wconf 75' lang='grc' dir='ltr'><strong><em>ἀνιηρότατον.</em></strong></span> 
     </span>
    </p>

    <p class='ocr_par' dir='ltr' id='par_1_7' title="bbox 333 1662 1482 3360">
     <span class='ocr_line' id='line_1_12' title="bbox 336 1662 1482 1752; baseline 0.004 -25"><span class='ocrx_word' id='word_1_87' title='bbox 336 1663 385 1728; x_wconf 84' lang='lat' dir='ltr'><strong>Ex</strong></span> <span class='ocrx_word' id='word_1_88' title='bbox 404 1662 515 1730; x_wconf 85' lang='lat' dir='ltr'><strong>tabula</strong></span> <span class='ocrx_word' id='word_1_89' title='bbox 537 1685 633 1749; x_wconf 88' lang='lat' dir='ltr'><strong>supra</strong></span> <span class='ocrx_word' id='word_1_90' title='bbox 650 1687 679 1750; x_wconf 90' lang='lat' dir='ltr'><strong>p.</strong></span> <span class='ocrx_word' id='word_1_91' title='bbox 699 1667 742 1732; x_wconf 88' lang='grc'><strong>63</strong></span> <span class='ocrx_word' id='word_1_92' title='bbox 761 1667 924 1752; x_wconf 82' lang='lat' dir='ltr'><strong>proposito</strong></span> <span class='ocrx_word' id='word_1_93' title='bbox 946 1673 1079 1752; x_wconf 86' lang='lat' dir='ltr'><strong>apparet</strong></span> <span class='ocrx_word' id='word_1_94' title='bbox 1101 1687 1208 1732; x_wconf 80' lang='lat' dir='ltr'><strong>versus</strong></span> <span class='ocrx_word' id='word_1_95' title='bbox 1226 1668 1300 1734; x_wconf 86' lang='grc'><strong>209.</strong></span> <span class='ocrx_word' id='word_1_96' title='bbox 1319 1670 1385 1734; x_wconf 91' lang='grc'><strong>210</strong></span> <span class='ocrx_word' id='word_1_97' title='bbox 1407 1673 1482 1751; x_wconf 87' lang='lat' dir='ltr'><strong>post</strong></span> 
     </span>
     <span class='ocr_line' id='line_1_13' title="bbox 335 1772 1482 1858; baseline 0.003 -23"><span class='ocrx_word' id='word_1_98' title='bbox 335 1792 459 1836; x_wconf 82' lang='lat' dir='ltr'><strong>versum</strong></span> <span class='ocrx_word' id='word_1_99' title='bbox 482 1772 547 1838; x_wconf 89' lang='grc'><strong>332</strong></span> <span class='ocrx_word' id='word_1_100' title='bbox 570 1772 721 1856; x_wconf 87' lang='lat' dir='ltr'><strong>repetitos</strong></span> <span class='ocrx_word' id='word_1_101' title='bbox 744 1773 806 1858; x_wconf 86' lang='lat' dir='ltr'><strong>legi</strong></span> <span class='ocrx_word' id='word_1_102' title='bbox 829 1775 863 1839; x_wconf 91' lang='lat' dir='ltr'><strong>in</strong></span> <span class='ocrx_word' id='word_1_103' title='bbox 885 1795 948 1840; x_wconf 90' lang='lat' dir='ltr'><strong>uno</strong></span> <span class='ocrx_word' id='word_1_104' title='bbox 971 1775 1078 1842; x_wconf 87' lang='lat' dir='ltr'><strong>codice</strong></span> <span class='ocrx_word' id='word_1_105' title='bbox 1100 1773 1287 1853; x_wconf 79' lang='lat' dir='ltr'><strong>Mutinensi,</strong></span> <span class='ocrx_word' id='word_1_106' title='bbox 1309 1795 1371 1841; x_wconf 92' lang='lat' dir='ltr'><strong>uon</strong></span> <span class='ocrx_word' id='word_1_107' title='bbox 1395 1775 1428 1840; x_wconf 91' lang='lat' dir='ltr'><strong>in</strong></span> <span class='ocrx_word' id='word_1_108' title='bbox 1453 1777 1482 1838; x_wconf 90' lang='lat'><em>0</em></span> 
     </span>
     <span class='ocr_line' id='line_1_14' title="bbox 336 1880 1481 1967; baseline 0.002 -25"><span class='ocrx_word' id='word_1_109' title='bbox 336 1899 437 1963; x_wconf 90' lang='lat' dir='ltr'><strong>neque</strong></span> <span class='ocrx_word' id='word_1_110' title='bbox 473 1880 506 1944; x_wconf 90' lang='lat' dir='ltr'><strong>in</strong></span> <span class='ocrx_word' id='word_1_111' title='bbox 542 1881 673 1963; x_wconf 87' lang='lat' dir='ltr'><strong>reliquis</strong></span> <span class='ocrx_word' id='word_1_112' title='bbox 705 1881 864 1948; x_wconf 80' lang='lat' dir='ltr'>codicibus</span> <span class='ocrx_word' id='word_1_113' title='bbox 895 1881 1132 1948; x_wconf 88' lang='lat' dir='ltr'><strong>recentioribus.</strong></span> <span class='ocrx_word' id='word_1_114' title='bbox 1188 1881 1236 1946; x_wconf 83' lang='lat' dir='ltr'><strong>Ee</strong></span> <span class='ocrx_word' id='word_1_115' title='bbox 1266 1903 1347 1967; x_wconf 90' lang='lat' dir='ltr'><strong>quae</strong></span> <span class='ocrx_word' id='word_1_116' title='bbox 1378 1881 1481 1948; x_wconf 83' lang='lat' dir='ltr'><strong>altero</strong></span> 
     </span>
     <span class='ocr_line' id='line_1_15' title="bbox 337 1987 1479 2074; baseline 0.003 -24"><span class='ocrx_word' id='word_1_117' title='bbox 337 1987 404 2054; x_wconf 87' lang='lat' dir='ltr'><strong>loco</strong></span> <span class='ocrx_word' id='word_1_118' title='bbox 427 1993 499 2070; x_wconf 88' lang='lat' dir='ltr'><strong>poet</strong></span> <span class='ocrx_word' id='word_1_119' title='bbox 516 2009 543 2054; x_wconf 88' lang='lat' dir='ltr'><strong>v.</strong></span> <span class='ocrx_word' id='word_1_120' title='bbox 563 1987 627 2052; x_wconf 90' lang='grc'><strong>332</strong></span> <span class='ocrx_word' id='word_1_121' title='bbox 651 1989 789 2054; x_wconf 80' lang='lat' dir='ltr'><strong>traditur</strong></span> <span class='ocrx_word' id='word_1_122' title='bbox 806 1990 950 2067; x_wconf 87' lang='lat' dir='ltr'><strong>lectione,</strong></span> <span class='ocrx_word' id='word_1_123' title='bbox 974 2011 1068 2074; x_wconf 89' lang='lat' dir='ltr'><strong>quam</strong></span> <span class='ocrx_word' id='word_1_124' title='bbox 1087 1990 1182 2054; x_wconf 84' lang='lat' dir='ltr'><strong>etiam</strong></span> <span class='ocrx_word' id='word_1_125' title='bbox 1202 1988 1345 2055; x_wconf 81' lang='lat' dir='ltr'>Clemens</span> <span class='ocrx_word' id='word_1_126' title='bbox 1364 1987 1479 2054; x_wconf 87' lang='lat' dir='ltr'><strong>Strom.</strong></span> 
     </span>
     <span class='ocr_line' id='line_1_16' title="bbox 336 2093 1480 2182; baseline 0.001 -25"><span class='ocrx_word' id='word_1_127' title='bbox 336 2093 379 2158; x_wconf 88' lang='lat' dir='ltr'><strong>VI</strong></span> <span class='ocrx_word' id='word_1_128' title='bbox 403 2116 431 2179; x_wconf 94' lang='lat' dir='ltr'><strong>p.</strong></span> <span class='ocrx_word' id='word_1_129' title='bbox 456 2095 522 2160; x_wconf 92' lang='grc'><strong>620</strong></span> <span class='ocrx_word' id='word_1_130' title='bbox 544 2095 667 2172; x_wconf 85' lang='lat' dir='ltr'><strong>laudat,</strong></span> <span class='ocrx_word' id='word_1_131' title='bbox 690 2096 786 2162; x_wconf 87' lang='lat' dir='ltr'><strong>verba</strong></span> <span class='ocrx_word' id='word_1_132' title='bbox 809 2097 1001 2182; x_wconf 82' lang='lat' dir='ltr'>Theognidis</span> <span class='ocrx_word' id='word_1_133' title='bbox 1023 2095 1149 2162; x_wconf 85' lang='lat' dir='ltr'><strong>fidelius</strong></span> <span class='ocrx_word' id='word_1_134' title='bbox 1172 2101 1297 2162; x_wconf 83' lang='lat' dir='ltr'><strong>servata</strong></span> <span class='ocrx_word' id='word_1_135' title='bbox 1318 2117 1385 2161; x_wconf 85' lang='lat' dir='ltr'><strong>esse</strong></span> <span class='ocrx_word' id='word_1_136' title='bbox 1409 2115 1480 2158; x_wconf 86' lang='lat' dir='ltr'><strong>cum</strong></span> 
     </span>
     <span class='ocr_line' id='line_1_17' title="bbox 335 2195 1479 2290; baseline 0.002 -26"><span class='ocrx_word' id='word_1_137' title='bbox 335 2200 472 2284; x_wconf 83' lang='lat' dir='ltr'><strong>Bergkio</strong></span> <span class='ocrx_word' id='word_1_138' title='bbox 503 2203 671 2269; x_wconf 90' lang='lat' dir='ltr'><strong>consentio.</strong></span> <span class='ocrx_word' id='word_1_139' title='bbox 726 2204 851 2269; x_wconf 83' lang='lat' dir='ltr'><strong>Evincit</strong></span> <span class='ocrx_word' id='word_1_140' title='bbox 877 2210 1043 2289; x_wconf 87' lang='lat' dir='ltr'><strong>praeterea</strong></span> <span class='ocrx_word' id='word_1_141' title='bbox 1076 2195 1299 2290; x_wconf 79' lang='grc' dir='ltr'><strong><em>ἀνιηρότατον</em></strong></span> <span class='ocrx_word' id='word_1_142' title='bbox 1335 2201 1479 2287; x_wconf 87' lang='lat' dir='ltr'><strong>superla-</strong></span> 
     </span>
     <span class='ocr_line' id='line_1_18' title="bbox 335 2307 1480 2396; baseline 0.001 -25"><span class='ocrx_word' id='word_1_143' title='bbox 335 2307 419 2372; x_wconf 84' lang='lat' dir='ltr'><strong>tivus</strong></span> <span class='ocrx_word' id='word_1_144' title='bbox 447 2308 581 2374; x_wconf 86' lang='lat' dir='ltr'><strong>alteram</strong></span> <span class='ocrx_word' id='word_1_145' title='bbox 608 2311 669 2377; x_wconf 89' lang='lat' dir='ltr'><strong>ioci</strong></span> <span class='ocrx_word' id='word_1_146' title='bbox 696 2321 768 2396; x_wconf 92' lang='lat' dir='ltr'><strong>post</strong></span> <span class='ocrx_word' id='word_1_147' title='bbox 791 2331 818 2375; x_wconf 89' lang='lat' dir='ltr'><strong>v.</strong></span> <span class='ocrx_word' id='word_1_148' title='bbox 842 2311 907 2376; x_wconf 90' lang='grc'><strong>332</strong></span> <span class='ocrx_word' id='word_1_149' title='bbox 935 2311 1104 2376; x_wconf 85' lang='lat' dir='ltr'><strong>lectionem</strong></span> <span class='ocrx_word' id='word_1_150' title='bbox 1131 2310 1353 2394; x_wconf 83' lang='lat' dir='ltr'><strong>Theognideae</strong></span> <span class='ocrx_word' id='word_1_151' title='bbox 1380 2309 1480 2392; x_wconf 88' lang='lat' dir='ltr'><strong>scrip-</strong></span> 
     </span>
     <span class='ocr_line' id='line_1_19' title="bbox 335 2415 1481 2502; baseline 0.001 -24"><span class='ocrx_word' id='word_1_152' title='bbox 335 2419 426 2479; x_wconf 85' lang='lat' dir='ltr'><strong>turae</strong></span> <span class='ocrx_word' id='word_1_153' title='bbox 453 2417 552 2500; x_wconf 85' lang='lat' dir='ltr'><strong>magis</strong></span> <span class='ocrx_word' id='word_1_154' title='bbox 579 2418 748 2502; x_wconf 79' lang='lat' dir='ltr'><strong>propriam.</strong></span> <span class='ocrx_word' id='word_1_155' title='bbox 803 2416 1023 2502; x_wconf 82' lang='lat' dir='ltr'><strong>Compluribus</strong></span> <span class='ocrx_word' id='word_1_156' title='bbox 1052 2419 1135 2483; x_wconf 92' lang='lat' dir='ltr'><strong>enim</strong></span> <span class='ocrx_word' id='word_1_157' title='bbox 1162 2417 1239 2482; x_wconf 89' lang='lat' dir='ltr'><strong>locis</strong></span> <span class='ocrx_word' id='word_1_158' title='bbox 1270 2415 1481 2500; x_wconf 84' lang='lat' dir='ltr'><strong>superlativus</strong></span> 
     </span>
     <span class='ocr_line' id='line_1_20' title="bbox 335 2521 1480 2606; baseline 0 -21"><span class='ocrx_word' id='word_1_159' title='bbox 335 2523 445 2586; x_wconf 85' lang='lat' dir='ltr'><strong>eadem</strong></span> <span class='ocrx_word' id='word_1_160' title='bbox 468 2522 533 2592; x_wconf 82' lang='lat' dir='ltr'><strong>iere</strong></span> <span class='ocrx_word' id='word_1_161' title='bbox 552 2523 720 2592; x_wconf 82' lang='lat' dir='ltr'><strong>verborum</strong></span> <span class='ocrx_word' id='word_1_162' title='bbox 743 2527 961 2592; x_wconf 87' lang='lat' dir='ltr'><strong>coniunctione</strong></span> <span class='ocrx_word' id='word_1_163' title='bbox 984 2526 1151 2601; x_wconf 88' lang='lat' dir='ltr'><strong>invenitur,</strong></span> <span class='ocrx_word' id='word_1_164' title='bbox 1174 2524 1404 2606; x_wconf 79' lang='lat' dir='ltr'><strong>comparativus</strong></span> <span class='ocrx_word' id='word_1_165' title='bbox 1422 2521 1480 2586; x_wconf 88' lang='lat' dir='ltr'><strong>ad-</strong></span> 
     </span>
     <span class='ocr_line' id='line_1_21' title="bbox 334 2629 1480 2719; baseline 0.001 -27"><span class='ocrx_word' id='word_1_166' title='bbox 334 2629 463 2694; x_wconf 88' lang='lat' dir='ltr'><strong>modum</strong></span> <span class='ocrx_word' id='word_1_167' title='bbox 489 2652 576 2699; x_wconf 87' lang='lat' dir='ltr'><strong>raro:</strong></span> <span class='ocrx_word' id='word_1_168' title='bbox 604 2633 659 2698; x_wconf 84' lang='lat' dir='ltr'><strong>cir.</strong></span> <span class='ocrx_word' id='word_1_169' title='bbox 691 2632 763 2698; x_wconf 89' lang='grc'><strong>124.</strong></span> <span class='ocrx_word' id='word_1_170' title='bbox 792 2633 865 2699; x_wconf 83' lang='lat'>258.</span> <span class='ocrx_word' id='word_1_171' title='bbox 893 2632 998 2719; x_wconf 80' lang='grc'><strong>(214.)</strong></span> <span class='ocrx_word' id='word_1_172' title='bbox 1027 2633 1100 2698; x_wconf 91' lang='grc'><strong>812.</strong></span> <span class='ocrx_word' id='word_1_173' title='bbox 1128 2631 1268 2718; x_wconf 65' lang='lat' dir='ltr'><strong>(lma),</strong></span> <span class='ocrx_word' id='word_1_174' title='bbox 1300 2630 1354 2696; x_wconf 83' lang='lat' dir='ltr'><strong>cfr.</strong></span> <span class='ocrx_word' id='word_1_175' title='bbox 1382 2630 1480 2694; x_wconf 85' lang='lat' dir='ltr'><strong>etiem</strong></span> 
     </span>
     <span class='ocr_line' id='line_1_22' title="bbox 335 2735 1478 2825; baseline 0 -25"><span class='ocrx_word' id='word_1_176' title='bbox 335 2735 419 2820; x_wconf 86' lang='lat' dir='ltr'><strong>Tyrt.</strong></span> <span class='ocrx_word' id='word_1_177' title='bbox 449 2737 530 2804; x_wconf 87' lang='grc'><strong>114.</strong></span> <span class='ocrx_word' id='word_1_178' title='bbox 540 2742 566 2825; x_wconf 82' lang='lat'><strong>²)</strong></span> <span class='ocrx_word' id='word_1_179' title='bbox 620 2740 733 2825; x_wconf 91' lang='lat' dir='ltr'><strong>Itaque</strong></span> <span class='ocrx_word' id='word_1_180' title='bbox 760 2747 832 2823; x_wconf 87' lang='lat' dir='ltr'><strong>post</strong></span> <span class='ocrx_word' id='word_1_181' title='bbox 858 2761 983 2806; x_wconf 76' lang='lat' dir='ltr'><strong>versum</strong></span> <span class='ocrx_word' id='word_1_182' title='bbox 1010 2739 1076 2804; x_wconf 90' lang='grc'><strong>332</strong></span> <span class='ocrx_word' id='word_1_183' title='bbox 1103 2758 1210 2804; x_wconf 85' lang='lat' dir='ltr'><strong>versus</strong></span> <span class='ocrx_word' id='word_1_184' title='bbox 1238 2737 1284 2802; x_wconf 89' lang='lat' dir='ltr'><strong>illi</strong></span> <span class='ocrx_word' id='word_1_185' title='bbox 1317 2741 1402 2802; x_wconf 87' lang='lat' dir='ltr'><strong>rento</strong></span> <span class='ocrx_word' id='word_1_186' title='bbox 1430 2737 1478 2800; x_wconf 85' lang='lat' dir='ltr'><strong>vi-</strong></span> 
     </span>
     <span class='ocr_line' id='line_1_23' title="bbox 334 2844 1481 2928; baseline 0 -21"><span class='ocrx_word' id='word_1_187' title='bbox 334 2844 450 2910; x_wconf 90' lang='lat' dir='ltr'><strong>dentur</strong></span> <span class='ocrx_word' id='word_1_188' title='bbox 473 2846 620 2924; x_wconf 82' lang='lat' dir='ltr'>exhibiti,</span> <span class='ocrx_word' id='word_1_189' title='bbox 643 2847 839 2914; x_wconf 84' lang='lat' dir='ltr'><strong>adulterum</strong></span> <span class='ocrx_word' id='word_1_190' title='bbox 862 2852 970 2913; x_wconf 87' lang='lat' dir='ltr'><strong>autem</strong></span> <span class='ocrx_word' id='word_1_191' title='bbox 991 2846 1093 2912; x_wconf 89' lang='lat' dir='ltr'><strong>locum</strong></span> <span class='ocrx_word' id='word_1_192' title='bbox 1116 2851 1172 2910; x_wconf 89' lang='lat' dir='ltr'><strong>ant</strong></span> <span class='ocrx_word' id='word_1_193' title='bbox 1195 2865 1269 2910; x_wconf 82' lang='lat' dir='ltr'><strong>casu</strong></span> <span class='ocrx_word' id='word_1_194' title='bbox 1292 2844 1399 2928; x_wconf 87' lang='lat' dir='ltr'><strong>aliquo</strong></span> <span class='ocrx_word' id='word_1_195' title='bbox 1421 2851 1481 2908; x_wconf 87' lang='lat' dir='ltr'><strong>aut</strong></span> 
     </span>
     <span class='ocr_line' id='line_1_24' title="bbox 333 2951 1480 3039; baseline 0.001 -26"><span class='ocrx_word' id='word_1_196' title='bbox 333 2951 465 3018; x_wconf 85' lang='lat' dir='ltr'><strong>lacunae</strong></span> <span class='ocrx_word' id='word_1_197' title='bbox 485 2954 647 3020; x_wconf 84' lang='lat' dir='ltr'><strong>cuiusdam</strong></span> <span class='ocrx_word' id='word_1_198' title='bbox 666 2955 839 3039; x_wconf 85' lang='lat' dir='ltr'><strong>explendae</strong></span> <span class='ocrx_word' id='word_1_199' title='bbox 857 2975 953 3020; x_wconf 88' lang='lat' dir='ltr'><strong>causa</strong></span> <span class='ocrx_word' id='word_1_200' title='bbox 970 2953 1131 3038; x_wconf 83' lang='lat' dir='ltr'><strong>adscripti.</strong></span> <span class='ocrx_word' id='word_1_201' title='bbox 1168 2952 1205 3018; x_wconf 90' lang='lat' dir='ltr'><strong>In</strong></span> <span class='ocrx_word' id='word_1_202' title='bbox 1219 2953 1358 3018; x_wconf 84' lang='lat' dir='ltr'><strong>codicem</strong></span> <span class='ocrx_word' id='word_1_203' title='bbox 1371 2955 1480 3018; x_wconf 82' lang='lat' dir='ltr'><strong>autem</strong></span> 
     </span>
     <span class='ocr_line' id='line_1_25' title="bbox 338 3058 1478 3146; baseline -0.002 -22"><span class='ocrx_word' id='word_1_204' title='bbox 338 3062 492 3126; x_wconf 88' lang='lat' dir='ltr'><strong>Ovorsus</strong></span> <span class='ocrx_word' id='word_1_205' title='bbox 515 3062 549 3126; x_wconf 92' lang='lat' dir='ltr'><strong>hi</strong></span> <span class='ocrx_word' id='word_1_206' title='bbox 572 3068 643 3145; x_wconf 90' lang='lat' dir='ltr'><strong>post</strong></span> <span class='ocrx_word' id='word_1_207' title='bbox 667 3083 693 3126; x_wconf 85' lang='lat' dir='ltr'><strong>v.</strong></span> <span class='ocrx_word' id='word_1_208' title='bbox 717 3061 782 3127; x_wconf 89' lang='grc'><strong>332</strong></span> <span class='ocrx_word' id='word_1_209' title='bbox 808 3067 979 3146; x_wconf 89' lang='lat' dir='ltr'><strong>propterea</strong></span> <span class='ocrx_word' id='word_1_210' title='bbox 1004 3082 1069 3126; x_wconf 92' lang='lat' dir='ltr'><strong>non</strong></span> <span class='ocrx_word' id='word_1_211' title='bbox 1095 3059 1248 3125; x_wconf 84' lang='lat' dir='ltr'><strong>admissos</strong></span> <span class='ocrx_word' id='word_1_212' title='bbox 1276 3079 1343 3125; x_wconf 90' lang='lat' dir='ltr'><strong>esse</strong></span> <span class='ocrx_word' id='word_1_213' title='bbox 1367 3058 1478 3122; x_wconf 87' lang='lat' dir='ltr'><strong>verisi-</strong></span> 
     </span>
     <span class='ocr_line' id='line_1_26' title="bbox 333 3164 1477 3252; baseline -0.003 -20"><span class='ocrx_word' id='word_1_214' title='bbox 333 3167 407 3232; x_wconf 89' lang='lat' dir='ltr'><strong>mile</strong></span> <span class='ocrx_word' id='word_1_215' title='bbox 435 3176 496 3244; x_wconf 91' lang='lat' dir='ltr'><strong>est,</strong></span> <span class='ocrx_word' id='word_1_216' title='bbox 524 3169 598 3251; x_wconf 87' lang='lat' dir='ltr'><strong>quia</strong></span> <span class='ocrx_word' id='word_1_217' title='bbox 621 3168 714 3234; x_wconf 90' lang='lat' dir='ltr'><strong>huius</strong></span> <span class='ocrx_word' id='word_1_218' title='bbox 742 3169 858 3236; x_wconf 87' lang='lat' dir='ltr'><strong>codicis</strong></span> <span class='ocrx_word' id='word_1_219' title='bbox 885 3168 1033 3234; x_wconf 87' lang='lat' dir='ltr'><strong>librarius</strong></span> <span class='ocrx_word' id='word_1_220' title='bbox 1061 3165 1203 3252; x_wconf 88' lang='lat' dir='ltr'><strong>quisquis</strong></span> <span class='ocrx_word' id='word_1_221' title='bbox 1229 3166 1292 3232; x_wconf 87' lang='lat' dir='ltr'><strong>fuit</strong></span> <span class='ocrx_word' id='word_1_222' title='bbox 1319 3164 1477 3231; x_wconf 81' lang='lat' dir='ltr'><strong>distichon</strong></span> 
     </span>
     <span class='ocr_line' id='line_1_27' title="bbox 334 3273 1153 3360; baseline 0.002 -24"><span class='ocrx_word' id='word_1_223' title='bbox 334 3273 413 3341; x_wconf 89' lang='lat' dir='ltr'><strong>illud</strong></span> <span class='ocrx_word' id='word_1_224' title='bbox 435 3275 542 3360; x_wconf 90' lang='lat' dir='ltr'><strong>paullo</strong></span> <span class='ocrx_word' id='word_1_225' title='bbox 566 3298 662 3360; x_wconf 88' lang='lat' dir='ltr'><strong>supra</strong></span> <span class='ocrx_word' id='word_1_226' title='bbox 684 3297 751 3342; x_wconf 89' lang='lat' dir='ltr'><strong>sese</strong></span> <span class='ocrx_word' id='word_1_227' title='bbox 775 3276 936 3360; x_wconf 80' lang='lat' dir='ltr'><strong>scripsisse</strong></span> <span class='ocrx_word' id='word_1_228' title='bbox 959 3273 1111 3340; x_wconf 90' lang='lat' dir='ltr'><strong>meminer</strong></span> <span class='ocrx_word' id='word_1_229' title='bbox 1131 3281 1153 3338; x_wconf 92' lang='lat' dir='ltr'><strong>t.</strong></span> 
     </span>
    </p>

    <p class='ocr_par' dir='ltr' id='par_1_8' title="bbox 333 3381 1479 3675">
     <span class='ocr_line' id='line_1_28' title="bbox 422 3381 1479 3467; baseline -0.004 -19"><span class='ocrx_word' id='word_1_230' title='bbox 422 3382 525 3448; x_wconf 85' lang='lat' dir='ltr'><strong>Simili</strong></span> <span class='ocrx_word' id='word_1_231' title='bbox 551 3383 645 3450; x_wconf 92' lang='lat' dir='ltr'><strong>modo</strong></span> <span class='ocrx_word' id='word_1_232' title='bbox 672 3383 890 3467; x_wconf 81' lang='lat' dir='ltr'><strong>explicandum</strong></span> <span class='ocrx_word' id='word_1_233' title='bbox 914 3383 1052 3458; x_wconf 90' lang='lat' dir='ltr'><strong>videtur,</strong></span> <span class='ocrx_word' id='word_1_234' title='bbox 1079 3382 1164 3464; x_wconf 91' lang='lat' dir='ltr'><strong>quod</strong></span> <span class='ocrx_word' id='word_1_235' title='bbox 1187 3401 1295 3446; x_wconf 90' lang='lat' dir='ltr'><strong>versus</strong></span> <span class='ocrx_word' id='word_1_236' title='bbox 1318 3381 1392 3446; x_wconf 90' lang='grc'><strong>211.</strong></span> <span class='ocrx_word' id='word_1_237' title='bbox 1411 3381 1479 3446; x_wconf 91' lang='grc'><strong>212</strong></span> 
     </span>
     <span class='ocr_line' id='line_1_29' title="bbox 334 3487 1479 3576; baseline -0.003 -23"><span class='ocrx_word' id='word_1_238' title='bbox 334 3490 366 3554; x_wconf 91' lang='lat' dir='ltr'><strong>in</strong></span> <span class='ocrx_word' id='word_1_239' title='bbox 385 3490 596 3576; x_wconf 86' lang='lat' dir='ltr'><strong>Theognideis</strong></span> <span class='ocrx_word' id='word_1_240' title='bbox 614 3491 664 3556; x_wconf 91' lang='lat' dir='ltr'><strong>bis</strong></span> <span class='ocrx_word' id='word_1_241' title='bbox 682 3493 838 3574; x_wconf 87' lang='lat' dir='ltr'><strong>leguntur.</strong></span> <span class='ocrx_word' id='word_1_242' title='bbox 881 3491 966 3570; x_wconf 85' lang='lat' dir='ltr'><strong>Quos</strong></span> <span class='ocrx_word' id='word_1_243' title='bbox 983 3495 1020 3553; x_wconf 89' lang='lat' dir='ltr'><strong>nt</strong></span> <span class='ocrx_word' id='word_1_244' title='bbox 1038 3487 1230 3554; x_wconf 87' lang='lat' dir='ltr'><strong>commodius</strong></span> <span class='ocrx_word' id='word_1_245' title='bbox 1249 3487 1332 3552; x_wconf 87' lang='lat' dir='ltr'><strong>inter</strong></span> <span class='ocrx_word' id='word_1_246' title='bbox 1351 3507 1384 3551; x_wconf 89' lang='lat' dir='ltr'><strong>sc</strong></span> <span class='ocrx_word' id='word_1_247' title='bbox 1403 3507 1479 3550; x_wconf 91' lang='lat' dir='ltr'><strong>con-</strong></span> 
     </span>
     <span class='ocr_line' id='line_1_30' title="bbox 333 3596 745 3675; baseline 0 -15"><span class='ocrx_word' id='word_1_248' title='bbox 333 3596 425 3675; x_wconf 86' lang='lat' dir='ltr'><strong>feras,</strong></span> <span class='ocrx_word' id='word_1_249' title='bbox 448 3597 500 3662; x_wconf 87' lang='lat' dir='ltr'><strong>hic</strong></span> <span class='ocrx_word' id='word_1_250' title='bbox 523 3597 745 3664; x_wconf 84' lang='lat' dir='ltr'><strong>exscribamus:</strong></span> 
     </span>
    </p>

    <p class='ocr_par' dir='ltr' id='par_1_9' title="bbox 378 3690 1480 3787">
     <span class='ocr_line' id='line_1_31' title="bbox 378 3690 1480 3787; baseline -0.004 -19"><span class='ocrx_word' id='word_1_251' title='bbox 378 3704 442 3770; x_wconf 90' lang='grc'><strong>211</strong></span> <span class='ocrx_word' id='word_1_252' title='bbox 471 3699 590 3770; x_wconf 90' lang='grc' dir='ltr'><strong><em>Οίνόν</em></strong></span> <span class='ocrx_word' id='word_1_253' title='bbox 609 3728 671 3770; x_wconf 90' lang='grc' dir='ltr'><strong>τοι</strong></span> <span class='ocrx_word' id='word_1_254' title='bbox 689 3705 823 3771; x_wconf 84' lang='grc' dir='ltr'><strong><em>πίνειν</em></strong></span> <span class='ocrx_word' id='word_1_255' title='bbox 846 3694 1000 3770; x_wconf 78' lang='grc' dir='ltr'><strong><em>πουλὺν</em></strong></span> <span class='ocrx_word' id='word_1_256' title='bbox 1023 3697 1162 3768; x_wconf 83' lang='grc' dir='ltr'><strong><em>κακόν·</em></strong></span> <span class='ocrx_word' id='word_1_257' title='bbox 1185 3693 1227 3787; x_wconf 78' lang='grc' dir='ltr'><strong>ἢν</strong></span> <span class='ocrx_word' id='word_1_258' title='bbox 1247 3699 1284 3766; x_wconf 78' lang='grc' dir='ltr'><strong>δέ</strong></span> <span class='ocrx_word' id='word_1_259' title='bbox 1301 3721 1351 3776; x_wconf 86' lang='grc' dir='ltr'><strong>τις</strong></span> <span class='ocrx_word' id='word_1_260' title='bbox 1370 3690 1480 3764; x_wconf 78' lang='grc' dir='ltr'><strong><em>αὑτὸν</em></strong></span> 
     </span>
    </p>

    <p class='ocr_par' dir='ltr' id='par_1_10' title="bbox 377 3799 1354 3896">
     <span class='ocr_line' id='line_1_32' title="bbox 377 3799 1354 3896; baseline -0.007 -19"><span class='ocrx_word' id='word_1_261' title='bbox 377 3811 442 3877; x_wconf 90' lang='grc'><strong>212</strong></span> <span class='ocrx_word' id='word_1_262' title='bbox 509 3814 591 3895; x_wconf 79' lang='grc' dir='ltr'><strong><em>πίνῃ</em></strong></span> <span class='ocrx_word' id='word_1_263' title='bbox 615 3811 852 3896; x_wconf 75' lang='grc' dir='ltr'><strong><em>ἐπισταμένως,</em></strong></span> <span class='ocrx_word' id='word_1_264' title='bbox 876 3803 921 3876; x_wconf 83' lang='grc' dir='ltr'><strong>οὐ</strong></span> <span class='ocrx_word' id='word_1_265' title='bbox 944 3801 1064 3888; x_wconf 85' lang='grc' dir='ltr'><strong><em>κακός</em></strong></span> <span class='ocrx_word' id='word_1_266' title='bbox 1088 3799 1172 3874; x_wconf 78' lang='grc' dir='ltr'><strong>ἀλλ’</strong></span> <span class='ocrx_word' id='word_1_267' title='bbox 1196 3799 1354 3893; x_wconf 76' lang='grc' dir='ltr'><strong>ἀγαθός.</strong></span> 
     </span>
    </p>

    <p class='ocr_par' dir='ltr' id='par_1_11' title="bbox 378 3903 1480 4004">
     <span class='ocr_line' id='line_1_33' title="bbox 378 3903 1480 4004; baseline -0.005 -20"><span class='ocrx_word' id='word_1_268' title='bbox 378 3919 442 3984; x_wconf 80' lang='grc'><strong>509</strong></span> <span class='ocrx_word' id='word_1_269' title='bbox 470 3914 585 3996; x_wconf 87' lang='grc' dir='ltr'><strong><em>Οίνος</em></strong></span> <span class='ocrx_word' id='word_1_270' title='bbox 607 3916 823 4004; x_wconf 82' lang='grc' dir='ltr'><strong><em>πινόμενος</em></strong></span> <span class='ocrx_word' id='word_1_271' title='bbox 844 3909 994 3996; x_wconf 78' lang='grc' dir='ltr'><strong><em>πουλὺς</em></strong></span> <span class='ocrx_word' id='word_1_272' title='bbox 1017 3911 1156 3982; x_wconf 83' lang='grc' dir='ltr'><strong><em>κακόν·</em></strong></span> <span class='ocrx_word' id='word_1_273' title='bbox 1181 3906 1223 4001; x_wconf 81' lang='grc' dir='ltr'><strong>ἢν</strong></span> <span class='ocrx_word' id='word_1_274' title='bbox 1247 3913 1284 3978; x_wconf 82' lang='grc' dir='ltr'><strong>δέ</strong></span> <span class='ocrx_word' id='word_1_275' title='bbox 1301 3935 1351 3988; x_wconf 88' lang='grc' dir='ltr'><strong>τις</strong></span> <span class='ocrx_word' id='word_1_276' title='bbox 1370 3903 1480 3978; x_wconf 74' lang='grc' dir='ltr'><strong><em>αὐτόν</em></strong></span> 
     </span>
    </p>

    <p class='ocr_par' dir='ltr' id='par_1_12' title="bbox 377 4013 1481 4234">
     <span class='ocr_line' id='line_1_34' title="bbox 377 4013 1363 4111; baseline -0.005 -23"><span class='ocrx_word' id='word_1_277' title='bbox 377 4025 443 4090; x_wconf 81' lang='grc'><strong>510</strong></span> <span class='ocrx_word' id='word_1_278' title='bbox 509 4028 591 4110; x_wconf 73' lang='grc' dir='ltr'><strong><em>πίνῃ</em></strong></span> <span class='ocrx_word' id='word_1_279' title='bbox 615 4025 852 4111; x_wconf 72' lang='grc' dir='ltr'><strong><em>ἐπισταμένοις,</em></strong></span> <span class='ocrx_word' id='word_1_280' title='bbox 876 4019 921 4091; x_wconf 83' lang='grc' dir='ltr'><strong>οὐ</strong></span> <span class='ocrx_word' id='word_1_281' title='bbox 943 4015 1068 4090; x_wconf 83' lang='grc' dir='ltr'><strong><em>κακὸν</em></strong></span> <span class='ocrx_word' id='word_1_282' title='bbox 1092 4013 1177 4088; x_wconf 74' lang='grc' dir='ltr'><strong><em>ἀλλ’</em></strong></span> <span class='ocrx_word' id='word_1_283' title='bbox 1201 4013 1363 4106; x_wconf 76' lang='grc' dir='ltr'><strong>ἀγαθόν.</strong></span> 
     </span>
     <span class='ocr_line' id='line_1_35' title="bbox 406 4138 1481 4234; baseline -0.002 -11"><span class='ocrx_word' id='word_1_284' title='bbox 406 4138 622 4234; x_wconf 10' lang='lat' dir='ltr'><strong>:Ut-Lectionum</strong></span> <span class='ocrx_word' id='word_1_285' title='bbox 635 4169 770 4224; x_wconf 85' lang='lat' dir='ltr'><strong>variarum</strong></span> <span class='ocrx_word' id='word_1_286' title='bbox 785 4167 915 4222; x_wconf 84' lang='lat' dir='ltr'><strong>minutias</strong></span> <span class='ocrx_word' id='word_1_287' title='bbox 929 4165 1124 4233; x_wconf 87' lang='lat' dir='ltr'><strong>doctorumque</strong></span> <span class='ocrx_word' id='word_1_288' title='bbox 1135 4163 1254 4218; x_wconf 83' lang='lat' dir='ltr'><strong>virorum</strong></span> <span class='ocrx_word' id='word_1_289' title='bbox 1269 4161 1481 4220; x_wconf 77' lang='lat' dir='ltr'><strong>emendationes</strong></span> 
     </span>
    </p>
   </div>
   <div class='ocr_carea' id='block_1_3' title="bbox 333 4233 1481 4382">
    <p class='ocr_par' dir='ltr' id='par_1_13' title="bbox 333 4233 1481 4382">
     <span class='ocr_line' id='line_1_36' title="bbox 333 4233 1481 4310; baseline -0.001 -17"><span class='ocrx_word' id='word_1_290' title='bbox 333 4245 361 4294; x_wconf 89' lang='lat' dir='ltr'><strong>et</strong></span> <span class='ocrx_word' id='word_1_291' title='bbox 380 4239 635 4310; x_wconf 83' lang='lat' dir='ltr'><strong>interpretationes,</strong></span> <span class='ocrx_word' id='word_1_292' title='bbox 661 4257 731 4310; x_wconf 84' lang='lat' dir='ltr'><strong>quse</strong></span> <span class='ocrx_word' id='word_1_293' title='bbox 750 4241 785 4296; x_wconf 85' lang='lat' dir='ltr'><strong>nd</strong></span> <span class='ocrx_word' id='word_1_294' title='bbox 805 4255 862 4294; x_wconf 88' lang='lat' dir='ltr'><strong>rem</strong></span> <span class='ocrx_word' id='word_1_295' title='bbox 881 4236 1096 4306; x_wconf 80' lang='lat' dir='ltr'><strong>intellegendam</strong></span> <span class='ocrx_word' id='word_1_296' title='bbox 1114 4234 1203 4290; x_wconf 88' lang='lat' dir='ltr'><strong>minus</strong></span> <span class='ocrx_word' id='word_1_297' title='bbox 1221 4233 1396 4290; x_wconf 80' lang='lat' dir='ltr'><strong>necessariae</strong></span> <span class='ocrx_word' id='word_1_298' title='bbox 1415 4249 1481 4292; x_wconf 84' lang='lat' dir='ltr'><strong>esse</strong></span> 
     </span>
     <span class='ocr_line' id='line_1_37' title="bbox 333 4307 1058 4382; baseline -0.008 -14"><span class='ocrx_word' id='word_1_299' title='bbox 333 4315 500 4380; x_wconf 80' lang='lat' dir='ltr'><strong>riderentur,</strong></span> <span class='ocrx_word' id='word_1_300' title='bbox 519 4320 547 4369; x_wconf 91' lang='lat' dir='ltr'><strong>et</strong></span> <span class='ocrx_word' id='word_1_301' title='bbox 565 4314 611 4368; x_wconf 89' lang='lat' dir='ltr'><strong>hic</strong></span> <span class='ocrx_word' id='word_1_302' title='bbox 631 4319 659 4368; x_wconf 89' lang='lat' dir='ltr'><strong>et</strong></span> <span class='ocrx_word' id='word_1_303' title='bbox 677 4312 706 4368; x_wconf 91' lang='lat' dir='ltr'><strong>in</strong></span> <span class='ocrx_word' id='word_1_304' title='bbox 725 4311 857 4382; x_wconf 85' lang='lat' dir='ltr'><strong>proximis</strong></span> <span class='ocrx_word' id='word_1_305' title='bbox 875 4307 1058 4380; x_wconf 86' lang='lat' dir='ltr'><strong>praetermisi.</strong></span> 
     </span>
    </p>
   </div>
   <div class='ocr_carea' id='block_1_4' title="bbox 333 4393 1479 4546">
    <p class='ocr_par' dir='ltr' id='par_1_14' title="bbox 333 4393 1479 4546">
     <span class='ocr_line' id='line_1_38' title="bbox 421 4393 1479 4471; baseline -0.007 -11"><span class='ocrx_word' id='word_1_306' title='bbox 421 4405 441 4454; x_wconf 67' lang='lat' dir='ltr'><strong>*t</strong></span> <span class='ocrx_word' id='word_1_307' title='bbox 461 4404 510 4460; x_wconf 83' lang='lat' dir='ltr'><strong>cfr.</strong></span> <span class='ocrx_word' id='word_1_308' title='bbox 534 4402 742 4471; x_wconf 82' lang='lat' dir='ltr'><strong>Kuellenbergii</strong></span> <span class='ocrx_word' id='word_1_309' title='bbox 766 4401 890 4456; x_wconf 87' lang='lat' dir='ltr'><strong>libellum</strong></span> <span class='ocrx_word' id='word_1_310' title='bbox 913 4399 957 4464; x_wconf 87' lang='lat' dir='ltr'><strong>‚de</strong></span> <span class='ocrx_word' id='word_1_311' title='bbox 979 4396 1134 4453; x_wconf 82' lang='lat' dir='ltr'><strong>imitatione</strong></span> <span class='ocrx_word' id='word_1_312' title='bbox 1157 4393 1343 4465; x_wconf 81' lang='lat' dir='ltr'><strong>Theognidea·</strong></span> <span class='ocrx_word' id='word_1_313' title='bbox 1368 4397 1479 4466; x_wconf 81' lang='lat' dir='ltr'><strong>Argen-</strong></span> 
     </span>
     <span class='ocr_line' id='line_1_39' title="bbox 333 4473 868 4546; baseline -0.017 -13"><span class='ocrx_word' id='word_1_314' title='bbox 333 4477 416 4533; x_wconf 86' lang='lat' dir='ltr'><strong>torati</strong></span> <span class='ocrx_word' id='word_1_315' title='bbox 434 4493 522 4546; x_wconf 86' lang='lat' dir='ltr'><strong>nuper</strong></span> <span class='ocrx_word' id='word_1_316' title='bbox 540 4475 643 4532; x_wconf 89' lang='lat' dir='ltr'><strong>editum</strong></span> <span class='ocrx_word' id='word_1_317' title='bbox 662 4491 688 4546; x_wconf 85' lang='lat' dir='ltr'><strong>p.</strong></span> <span class='ocrx_word' id='word_1_318' title='bbox 708 4476 743 4530; x_wconf 82' lang='grc'><strong>52</strong></span> <span class='ocrx_word' id='word_1_319' title='bbox 762 4473 824 4527; x_wconf 87' lang='lat' dir='ltr'><strong>ndu.</strong></span> <span class='ocrx_word' id='word_1_320' title='bbox 846 4475 868 4525; x_wconf 87' lang='lat'><strong>1.</strong></span> 
     </span>
    </p>
   </div>
   <div class='ocr_carea' id='block_1_5' title="bbox 0 0 1642 4938">
    <p class='ocr_par' dir='ltr' id='par_1_15' title="bbox 0 0 1642 4938">
     <span class='ocr_line' id='line_1_40' title="bbox 0 0 1642 4938; baseline 0 0"><span class='ocrx_word' id='word_1_321' title='bbox 0 0 1642 4938; x_wconf 95' lang='lat' dir='ltr'><strong> </strong></span> 
     </span>
    </p>
   </div>
  </div>
 </body>
</html>
