3258 4928
318 385 382 447 noo
754 423 797 434 -
844 389 927 472 [neo]
975 423 1019 435 -

317 591 420 657 eomp.
445 573 499 656 Vi.
547 573 654 642 Verbo
682 573 768 640 κατὰ
798 578 891 657 λέξιν
919 597 999 644 sena
1027 597 1090 643 non
1120 583 1210 656 eunt;
1248 573 1334 641 κατὰ
1364 577 1457 656 λέξιν

317 675 403 741 eninr
433 676 515 744 nihil
544 677 633 746 aliud
656 679 839 764 significare
861 688 967 767 potest
996 681 1060 747 nisi
1089 680 1375 764 verbotenus,
1410 681 1454 746 el.

317 798 345 845 e.
366 799 398 863 g.
423 799 457 865 p.
476 782 567 846 82310
590 780 677 847 κατὰ
694 783 786 864 λέξιν
801 779 908 862 οὕτως
923 781 1075 871 γράφων,
1101 783 1180 850 ilem
1195 804 1228 869 p.
1243 786 1352 864 913103
1380 783 1457 850 vide

317 883 468 968 exempla
490 883 570 970 Cep.
589 885 638 952 ΙΠ
660 907 735 972 pag.
753 893 813 952 144
836 888 912 955 edn.
935 893 1128 974 leongeste.
1175 887 1350 972 Dionysius
1373 887 1458 954 seri-

316 985 391 1070 psii,
418 986 451 1052 ni
466 986 569 1072 fallor,
595 985 682 1054 κατὰ
701 987 822 1080 (τὴν)
838 992 938 1074 λέξιν,
965 991 1005 1060 el'.
1032 1013 1064 1078 p.
1084 994 1160 1058 5892
1184 989 1270 1056 κατὰ
1285 988 1346 1079 τὴν
1363 992 1459 1071 λέξιν

315 1088 447 1170 μᾶλλον
468 1089 556 1156 ἔοικε
578 1098 623 1177 ro*
639 1097 769 1181 Λυσίᾳ.
818 1099 908 1161 994ιι
932 1099 1093 1181 κρείττων
1116 1093 1187 1162 ἐστὶ
1204 1099 1340 1162 Λυσίου
1360 1088 1457 1178 {sed

316 1194 552 1280 Δημοσθένης)
579 1196 636 1261 καὶ
657 1195 744 1262 κατά
765 1194 826 1286 τὴν
848 1198 948 1278 λέξιν.

402 1296 475 1362 Duo
497 1307 665 1384 praeterea
686 1301 766 1367 vitiu
780 1303 967 1369 Florentino
986 1301 1213 1388 suppeditante
1228 1303 1340 1369 tollere
1356 1322 1456 1388 posse

317 1399 396 1466 mihi
416 1400 536 1468 videor.
585 1403 725 1471 Primum
747 1406 832 1472 enim
854 1407 1017 1490 volgatam
1040 1406 1206 1472 lectionem
1229 1399 1335 1472 ταύτά
1356 1426 1457 1491 prop-

225 1535 228 1546 .
316 1511 366 1570 ter
389 1505 588 1572 enuntiatum
610 1508 781 1574 relativum
803 1510 945 1595 ineptum
963 1529 1035 1576 esse
1050 1519 1200 1595 apparet3
1227 1509 1261 1575 in
1277 1510 1458 1578 Florentini

318 1605 466 1688 lectione,
493 1608 522 1676 si
544 1609 621 1690 quid
643 1610 746 1691 video,
774 1613 854 1680 latet
875 1618 1067 1678 τοιαῦτα.
1114 1612 1239 1680 Deinde
1254 1613 1287 1678 in
1303 1613 1459 1679 editioni-

317 1709 377 1775 bus
399 1711 484 1777 male
506 1711 625 1796 legitur
647 1711 710 1793 ἔξω
733 1721 791 1801 της
814 1722 875 1782 τοῦ
896 1713 1087 1801 Δεινάρχου
1118 1710 1264 1802 ηλικίαςς
1298 1717 1458 1783 articulus

318 1817 379 1878 τοῦ
400 1813 486 1878 enim
509 1815 693 1901 eDionysii
716 1838 803 1885 more
818 1819 981 1896 abhorret3
1008 1819 1051 1886 ol.
1077 1840 1109 1905 p.
1130 1823 1207 1885 ueto
1223 1817 1458 1905 πρεσβύτερός

318 1913 389 1981 ἐστι
420 1923 478 2004 τῆς
508 1915 699 2004 Δεινάρχου
727 1915 869 2008 ἡλικίας.
916 1927 992 1988 656ε
1016 1921 1087 1988 ἔστι
1109 1922 1146 1988 δὲ
1168 1929 1275 1989 ταῦτα
1302 1921 1458 2008 πρεσβύ-

316 2041 397 2104 τερα
430 2027 489 2108 της
520 2021 710 2110 Δεινάρχου
744 2019 862 2114 ἀκμῆς.
917 2031 995 2093 657τ
1027 2023 1257 2112 πρεσβύτερός
1291 2025 1362 2092 ἐστι
1395 2034 1458 2114 τῇς

317 2121 508 2210 Δεινάρχου
537 2120 655 2214 ἀκμῆς.
703 2133 793 2194 66οιι
824 2124 895 2196 οὐδ’
914 2120 1012 2206 οὗτος
1034 2123 1052 2194 ὁ
1076 2128 1175 2215 λόγος
1204 2127 1366 2217 ἐμφαίνει
1394 2127 1458 2196 τόν

317 2225 508 2314 Δεινάρχου
538 2239 743 2318 χαρακτῆρα.
797 2233 944 2302 Medelae
970 2235 1056 2300 viam
1091 2239 1245 2302 monstret
1275 2233 1457 2300 Florentini

317 2331 412 2397 leetio
440 2338 520 2409 τιῠνς
561 2334 639 2417 quid
668 2336 879 2418 intereidertt,
912 2337 997 2403 elius
1026 2337 1114 2403 loeus
1145 2337 1291 2419 quemvis
1319 2344 1353 2403 et
1381 2337 1458 2423 ipse

315 2443 483 2521 eorruptus
498 2436 591 2504 dooet
612 2459 643 2524 p.
664 2443 741 2506 tote
768 2435 874 2526 Ὑπὲρ
891 2435 1103 2522 ἀντιδόσεως,
1130 2441 1361 2526 Μεγακλείδῃ·
1395 2441 1458 2518 ,,Εἰ

316 2537 380 2619 μὲν
402 2536 485 2620 ἔδει,
513 2529 689 2628 ὦάνόρες,
717 2541 805 2629 πρὸς
827 2556 917 2628 τρεῖς
939 2539 959 2631 ἢ
981 2549 1178 2628 τέτταρας“.
1219 2537 1237 2608 ὁ
1259 2543 1323 2626 μὲν
1345 2544 1458 2629 λέγων

317 2637 410 2706 ἐστὶν
430 2637 617 2728 Ἀφαρεύς·
657 2643 729 2724 ἔξω
758 2640 792 2711 ‹l'
817 2645 999 2713 ἐπιστῶν
1026 2644 1269 2731 Δεινάρχου
1301 2643 1454 2731 λόγων.

316 2741 447 2830 εἴρηται
475 2743 538 2832 γάρ
569 2745 619 2812 ἔτι
647 2756 708 2815 τοῦ
739 2758 927 2838 στρατηγοῦ
959 2755 1133 2834 Τιμοθέου
1161 2750 1295 2831 ζῶντος.
1343 2752 1456 2820 verbe

315 2855 464 2932 eorrnptn
492 2849 659 2933 ingeniose
686 2853 838 2921 Reisluius
871 2854 918 2920 ite
945 2854 1101 2920 restituit:
1136 2851 1199 2932 ἔξω
1230 2852 1266 2918 δὲ
1296 2859 1355 2938 τῆς
1386 2861 1457 2920 τῶν

316 2946 509 3035 Δεινάρχου
530 2950 640 3037 λόγων
663 2948 841 3044 (ἡλικίας).
888 2958 959 3023 Vox
975 2950 1103 3045 ἡλικίας
1124 2964 1160 3022 ut
1180 2955 1388 3042 probabiliter
1411 2977 1455 3023 ex

315 3052 434 3120 illude
456 3075 517 3139 quo
538 3057 645 3142 egitur
666 3060 736 3126 loeo
758 3067 887 3145 sumpta
908 3069 966 3141 est,
996 3061 1043 3126 ite
1064 3059 1117 3125 hie
1138 3079 1178 3125 ex
1200 3060 1302 3125 altero
1324 3079 1376 3126 me
1398 3060 1455 3126 iu-

315 3155 388 3223 dice
418 3159 638 3229 emendandus
668 3171 738 3230 est:
776 3163 839 3244 ἔξω
868 3170 927 3251 τῆς
957 3170 1023 3228 τῶν
1053 3159 1243 3247 Δεινάρχου
1264 3159 1454 3249 (λόγων)

315 3252 474 3353 plautae„
504 3263 654 3332 Ceterum
676 3266 812 3332 alterum
835 3268 941 3334 locum
956 3265 1117 3352 Sanppiut
1139 3263 1262 3330 Reiskii
1285 3265 1456 3332 eonieotu-

316 3382 384 3428 τεο]
406 3365 594 3450 neglegens,
631 3387 702 3436 enm
725 3371 856 3436 verbnm
878 3369 1001 3435 finitum
1024 3367 1229 3446 desideraret,
1254 3365 1302 3432 ite
1323 3366 1455 3451 refingit

322 3469 377 3546 [or.
402 3469 467 3534 All.
487 3469 519 3534 Π
541 3491 574 3556 p.
593 3469 730 3556 assint:
770 3472 834 3552 ἔξω
857 3467 887 3540 d'
906 3471 978 3538 ἐστὶ
999 3477 1065 3538 τῶν
1085 3467 1276 3554 Δεινάρχου
1302 3467 1452 3554 χρόνων.

300 3567 382 3636 ·Sed
410 3589 481 3638 eum
510 3573 597 3657 prior
628 3575 717 3641 loeus
746 3575 869 3642 Beislrii
903 3575 1115 3642 coniecturam
1144 3570 1207 3651 ἔξω
1238 3570 1273 3636 δὲ
1302 3578 1362 3658 τῆς
1386 3581 1456 3639 τῶν

317 3669 508 3758 Δεινάρχου
529 3673 640 3762 λόγων
661 3671 826 3767 (ἡλικίας)
848 3686 991 3760 tueatur,
1025 3676 1122 3743 nolim
1145 3676 1187 3741 ab
1210 3693 1250 3740 ea
1278 3675 1449 3746 recedere:

316 3776 448 3842 verbum
477 3785 585 3845 autern
614 3781 850 3848 substantivum
880 3781 1053 3849 desiderari
1082 3799 1121 3845 eo
1142 3777 1248 3843 minus
1278 3796 1453 3844 conoesse-

315 3878 386 3962 rim,
412 3881 487 3962 quie
508 3902 547 3948 eo
569 3903 694 3968 quoque
715 3906 737 3950 ε
758 3906 820 3969 qno
848 3885 983 3971 profecti
1013 3902 1121 3951 sumus
1151 3883 1220 3947 loeo
1242 3899 1304 3946 non
1327 3889 1450 3948 exstat.

316 3981 434 4048 Durior
454 4003 533 4052 saue
555 3995 713 4054 structura
735 3997 785 4055 est
807 4009 911 4073 neque
932 3997 1039 4055 tumen
1061 3987 1094 4053 in
1116 3984 1231 4064 indice,
1264 3982 1355 4049 euius
1379 3985 1452 4052 uice

314 4085 356 4151 de
378 4086 538 4156 Dinareho
560 4089 689 4160 libellus
711 4113 828 4178 magna
852 4114 892 4159 ex
914 4100 1006 4178 purte
1032 4087 1189 4174 iungitur,
1222 4087 1448 4156 intolerabilis.
