3262 4926
543 353 828 430 '-ss-

156 556 289 639 canalis,
314 558 403 624 velut
422 558 456 622 in
470 576 508 622 eo
523 558 603 640 loco,
630 556 715 624 nudo
736 556 788 622 hio
812 557 1024 641 transcriptus
1044 565 1111 624 est:
1136 559 1191 636 IV,
1211 563 1288 636 650;

5 697 11 740 ξ
153 659 272 728 deinde
288 660 355 725 uiae
371 661 548 732 oculorum:
572 661 627 743 IV,
648 662 721 724 344.
742 661 818 734 351;
834 659 930 746 ferri
943 660 1028 724 cios:
1045 661 1100 742 VI,
1121 664 1194 726 983.
1213 667 1288 730 996.

109 805 113 810 -
156 767 251 846 1050,
277 770 333 830 aut
354 762 516 848 significat
536 763 572 829 id
594 762 749 848 spatium,
782 782 844 846 quo
872 761 950 844 quid
971 761 1102 846 feratur,
1132 765 1292 833 interdum

155 867 251 933 etiam
279 867 510 934 confectionem
540 866 625 932 eius:
661 866 737 930 solis
766 866 919 951 lunaeque
949 865 1090 944 amram,
1127 868 1165 948 V,
1194 873 1289 935 1206.

154 970 297 1037 Priorem
317 970 407 1036 illam
429 968 697 1054 significationem
719 968 753 1033 in
774 967 915 1035 Lucretii
945 968 1119 1052 primordia
1148 991 1212 1038 non
1234 994 1293 1040 oa-

155 1073 230 1140 dere
252 1093 346 1140 nemo
372 1073 492 1153 nescit,
525 1072 676 1156 quoniam
706 1070 747 1138 de
775 1070 938 1138 soliditate
967 1090 1076 1139 eorum
1106 1075 1208 1142 multa
1234 1097 1294 1143 ex·
1356 1105 1364 1117 ·

155 1176 263 1260 posuit
284 1181 390 1260 poeta.
434 1177 547 1259 Neque
569 1175 673 1242 ultera
693 1173 927 1258 significatione
948 1194 1060 1242 vocem
1082 1175 1134 1241 oro
1154 1178 1309 1262 positam¹

155 1298 227 1346 esso
242 1278 272 1345 si
286 1297 462 1355 sumamus,
482 1278 652 1361 quicquam
674 1276 869 1362 proficiatur.
908 1278 994 1344 Nam
1013 1297 1084 1344 oum
1102 1281 1211 1347 omnia
1224 1283 1293 1367 pri-

156 1381 280 1450 mordia
300 1383 335 1448 iu
357 1381 470 1448 eodem
493 1381 581 1447 inani
603 1386 802 1460 moveantur,
829 1379 856 1446 si
878 1379 1080 1447 differentiae
1095 1382 1293 1468 singulorum

157 1491 392 1565 enumerantur,
417 1484 452 1550 id
474 1491 598 1551 tantm
620 1483 736 1568 agitur,
770 1501 936 1566 quousque
965 1491 998 1550 ot
1019 1485 1127 1568 qualia
1149 1495 1291 1555 motuum

156 1607 276 1671 genere
296 1593 493 1655 moveantur.
540 1586 579 1652 Id
599 1593 707 1653 autem
730 1586 827 1652 verbo
849 1593 952 1650 motos
973 1587 1007 1652 iu
1030 1593 1176 1670 sequenti
1198 1611 1294 1658 versu

157 1691 236 1756 satis
259 1709 447 1776 expressum
469 1696 529 1756 est.
577 1691 749 1756 Praeterea
771 1687 813 1754 de
835 1688 973 1755 motibus
995 1691 1238 1774 primordiorum
1260 1695 1293 1760 in

156 1800 222 1859 toto
243 1793 304 1859 hoc
325 1793 407 1858 libro
432 1809 591 1876 nusquam
612 1792 803 1858 vocabulum
823 1791 875 1855 uriz
896 1799 1084 1877 usurpatum
1106 1801 1167 1860 est.
1207 1795 1294 1863 Satis

156 1894 1289 1981 multaoigitursuntoausac,ouradenuntiatumdfferremoereretetc.

156 2018 220 2064 non
234 1997 418 2082 genetivum
428 1997 677 2081 primordiomm
692 1998 911 2082 suppleamus.
946 2001 1068 2063 Rerum
1082 2007 1188 2066 antem
1204 2002 1294 2087 cogi-

156 2101 254 2167 tando
275 2099 396 2166 addere
418 2099 550 2168 difficile
573 2107 633 2182 est,
658 2100 735 2185 quia
752 2099 944 2184 significatio
966 2123 1017 2166 res
1038 2101 1118 2168 sads
1141 2103 1238 2187 louge
1252 2107 1294 2171 ab

157 2203 218 2269 hoc
240 2223 337 2269 versu
359 2203 462 2269 abest.
509 2203 636 2270 Deinde
659 2203 687 2268 si
709 2225 815 2268 rerum
836 2201 994 2285 addimus,
1022 2204 1091 2269 viae
1106 2203 1193 2271 idem
1208 2207 1295 2273 valet

158 2313 254 2388 atque
275 2304 447 2370 intervallo
468 2342 510 2354 -
532 2325 608 2371 nam
629 2303 671 2370 de
693 2304 832 2372 motibus
854 2323 959 2370 rerum
981 2306 1069 2371 nullo
1091 2306 1186 2374 modo
1204 2311 1295 2394 cogi-

157 2407 218 2472 tari
241 2413 347 2491 potest
363 2429 421 2482 -ς
448 2406 581 2472 offendit
602 2414 727 2489 autem,
754 2404 856 2493 quod,
883 2426 955 2471 oum
977 2407 1071 2492 plura
1091 2410 1193 2475 rerba
1213 2430 1295 2477 enu-

157 2517 329 2586 merentur,
354 2509 470 2592 quibus
492 2509 628 2592 siugulis
652 2509 799 2593 singulae
821 2508 967 2575 notiones
986 2509 1189 2594 significatae
1204 2522 1292 2592 sunt,
1398 2581 1407 2594 ,

145 2611 220 2678 ,duo
241 2613 299 2678 illa
320 2612 410 2678 nullu
431 2613 592 2697 particula
612 2611 697 2678 inter
717 2631 753 2678 se
767 2611 937 2679 coniuncta
950 2610 1036 2678 idem
1050 2613 1171 2681 valent.
1211 2617 1293 2682 Tum

157 2716 212 2781 rix
233 2715 337 2799 possit
358 2715 585 2793 demonstrari,
610 2735 682 2782 oum
704 2714 829 2780 semina
850 2714 986 2797 distent,
1019 2735 1122 2782 rorum
1151 2718 1295 2802 pondera

157 2818 287 2884 differre
309 2837 442 2884 necesse
464 2837 548 2884 esse.
594 2817 680 2896 Quid
702 2817 787 2884 enim
810 2837 927 2884 causae
953 2819 1014 2897 sit,
1045 2806 1101 2886 cur
1130 2820 1214 2888 duae
1241 2843 1294 2891 res

157 2921 209 2986 rel
232 2941 272 2987 ex
295 2919 431 2986 diversis
454 2920 696 3005 primordiorum
725 2921 896 3005 generibus
926 2922 1123 3006 compositae
1152 2923 1236 2991 inter
1259 2947 1295 2994 se

158 3023 298 3108 pondere
320 3042 415 3108 peres
438 3043 511 3090 esse
539 3023 764 3108 nonpossint,
796 3024 823 3090 si
852 3044 909 3108 pro
932 3024 1091 3092 seminum
1112 3026 1297 3098 differentia

158 3125 344 3210 magnitudo
367 3143 475 3192 eorum
498 3125 540 3191 sit
563 3124 714 3193 diversa?
749 3127 832 3192 Nam
855 3127 998 3210 etiamsi,
1024 3134 1060 3194 ut
1082 3137 1157 3196 sunt
1179 3131 1290 3216 librae,

158 3249 240 3312 quac
263 3229 413 3296 manibus
435 3229 554 3294 nostris
576 3227 753 3294 fabricatae
777 3236 860 3305 sunt,
886 3230 1031 3311 vitiosae,
1057 3231 1111 3297 vix
1126 3233 1295 3317 quisquam

158 3331 200 3396 ad
222 3331 335 3412 hilum,
360 3338 396 3398 ut
417 3331 540 3398 ratione
555 3333 747 3416 postulatur,
771 3352 822 3399 res
837 3332 890 3398 vel
905 3333 1111 3401 diminuendo
1126 3336 1177 3401 vel
1192 3339 1295 3404 aucti-

158 3433 283 3500 lioaudo
306 3454 436 3519 prorsus
459 3442 628 3517 exaequet,
654 3441 762 3500 temen
784 3442 899 3501 nature
921 3455 959 3501 ao
982 3455 1060 3501 casu
1082 3436 1146 3502 duo
1161 3457 1295 3524 corpora

159 3535 270 3601 eodem
293 3535 434 3620 pondero
457 3556 530 3604 esse
552 3542 695 3622 possunt.

245 3637 395 3721 Sequitur
416 3639 516 3723 igitur
537 3659 642 3722 neque
665 3643 803 3704 720-«1
827 3659 931 3722 neque
955 3643 1081 3705 uss-7
1104 3662 1126 3707 a
1147 3641 1297 3710 Lucretio

158 3741 295 3825 scriptos
325 3760 408 3808 esse.
462 3743 575 3824 ltaque
603 3761 673 3808 oum
702 3761 743 3808 no
775 3761 890 3808 versus
919 3745 994 3808 718.
1020 3746 1040 3808 0
1073 3742 1202 3827 quidem
1225 3747 1295 3813 ‘soli

157 3842 253 3928 positi
281 3844 456 3928 placeant,
496 3842 564 3910 veri
601 3843 798 3910 simillimum
834 3851 884 3910 est
919 3845 1027 3911 omnia
1061 3845 1139 3912 inde
1175 3869 1196 3914 a
1232 3852 1295 3915 718

158 3945 269 4030 spuria
290 3965 375 4012 csse.
420 3947 469 4012 Ac
491 3945 586 4012 simul
608 3945 754 4031 repetitio
776 3965 890 4014 versus
915 3950 977 4012 726
1004 3948 1038 4014 in
1066 3949 1177 4032 quinto
1201 3950 1293 4034 libro,

158 4048 212 4114 ubi
235 4053 394 4133 postulo
423 4049 559 4133 legitur,
591 4049 734 4117 tollenda
764 4057 823 4116 est.
870 4050 1009 4117 Facilior
1038 4059 1144 4118 autem
1173 4051 1218 4120 ibi
1248 4062 1298 4122 est

159 4151 405 4234 argumentatio,
429 4172 500 4218 oum
522 4151 565 4218 ad
579 4153 747 4218 mimalia
761 4153 830 4218 uiuo
846 4161 904 4218 eto.
930 4154 1201 4240 »primordiorum«
1224 4165 1299 4225 tuu-

159 4261 225 4318 tum
248 4254 416 4338 cogitando
439 4255 581 4341 suppleri
596 4256 708 4342 possit.
749 4257 843 4324 Valet
863 4256 961 4340 igitur
975 4257 1073 4341 idem,
1100 4260 1185 4344 qnod
1199 4281 1301 4347 supra
