3272 4920
277 319 336 380 184
709 349 753 361 -
801 314 884 398 [uos]
932 349 976 362 -

272 507 395 570 99212ss
417 497 541 591 ἡδονῆς
556 496 590 568 δ’
605 499 671 590 ἀρα
686 503 744 568 καὶ
760 507 907 580 πειθοῦς
923 503 980 567 καὶ
995 506 1144 590 χαρίτων
1159 507 1279 588 καιροῦ
1300 524 1336 566 τε
1359 500 1417 565 καί

274 613 339 673 τῶν
362 601 483 688 ἀλλων,
518 603 650 670 ἀνιᾶσι
671 617 742 682 τοῖς
764 611 957 682 Λυσιακοῖς
980 603 1130 671 ἐπανθεῖ
1155 602 1270 689 λόγοις
1280 606 1316 688 ¹),
1350 591 1417 689 ἀρα

274 705 350 793 οῦχί
378 708 487 797 πολλὴ
510 720 630 795 μοίρα;
675 712 786 775 107135
817 707 966 776 ἐπανθεῖ
993 731 1044 786 τις
1075 702 1194 786 αάταῑς
1222 715 1325 791 χνοῦς
1355 701 1418 793 ἀρ-

272 811 453 901 χαιοπινὴς
475 814 533 877 καί
547 811 645 899 χάρις
662 806 835 894 ἀβίαστος.
883 813 991 882 Verba
1012 813 1070 878 καί
1084 805 1170 898 τίςὴ
1193 811 1302 896 aliquo
1320 812 1417 878 modo

273 917 429 1002 originem
462 915 596 983 duxisse
630 915 805 1001 suspioeris
835 935 854 982 o
883 937 916 1002 p.
942 919 1049 982 4751ss
1083 922 1184 982 τοῦτο
1221 909 1313 1001 κάγὼ
1345 925 1418 992 τοῖς

274 1014 541 1106 ἀναγινώσκουσι
570 1015 631 1085 τόν
651 1024 792 1086 Λυσίαν
820 1019 891 1084 καί
920 1023 983 1097 τίς
1010 1013 1031 1104 ἡ
1055 1012 1141 1107 παρ’
1168 1013 1260 1104 αὐτῷ
1288 1016 1416 1105 χάρις

275 1123 346 1190 ίστί
367 1123 588 1206 βουλομένοις
609 1127 739 1205 μαθεῖν
760 1115 959 1210 ίποθείμην
982 1117 1025 1189 ἀν
1047 1119 1270 1210 ἐπιτηδεύειν.

359 1264 392 1328 p.
411 1247 519 1308 478rss
547 1243 639 1326 legas
672 1238 820 1326 μάλιστα
850 1236 884 1308 d'
907 1240 1037 1327 ἐγένετό
1071 1265 1131 1326 μοι
1164 1241 1416 1329 καταφανὲς

278 1344 487 1434 [καταφανὴς
509 1347 561 1430 Bi,
597 1339 650 1411 ότι
679 1338 740 1428 οόχ
769 1339 834 1411 ἀπ’
861 1343 991 1412 ἐκείνου
1020 1353 1082 1412 τοῦ
1111 1343 1253 1432 ῥήτορος
1284 1342 1414 1432 ἐγράφη

278 1453 333 1532 (so.
354 1443 371 1515 ό
388 1451 468 1534 περὶ
490 1455 550 1534 τῆς
568 1443 781 1536 Ἰφικράτους
804 1446 935 1526 εἰκόνος
951 1446 1059 1535 λόγος)
1080 1447 1159 1526 τοὺς
1171 1446 1317 1537 χρόνους
1332 1443 1416 1516 ἀνα-

274 1553 498 1638 λογισαμένῳ.

361 1677 393 1740 p.
413 1657 534 1720 48iross
560 1653 608 1718 Τὸ
631 1651 812 1740 κράτιστόν
835 1651 907 1720 ἐστι
921 1661 987 1720 τῶν
1001 1657 1139 1720 Λυσίου
1159 1652 1268 1742 ἐ’ργων
1282 1654 1338 1719 καὶ
1353 1679 1416 1736 χα-

275 1753 650 1844 ρακτηριστικώτατονλ)
679 1763 716 1820 ri
720 1779 737 1834 ς
761 1754 935 1839 δυνάμεως
958 1750 976 1844 ἡ
993 1753 1168 1840 κοσμοῦσά
1188 1757 1297 1822 τεκαὶ
1313 1750 1415 1822 ἀνθί-

276 1858 381 1939 ζουσα
403 1855 465 1946 νην
486 1859 579 1938 λέξιν
600 1853 705 1925 αὐτοῦ
726 1857 825 1945 χάρις
846 1860 931 1925 FM:
962 1861 1020 1925 καί
1042 1856 1086 1924 τὸ
1109 1858 1416 1948 χαρακτηριστικώ-

274 1985 379 2028 τατον
400 1963 438 2028 R.
485 1964 551 2029 Aut
571 1963 703 2048 volgato
730 1963 826 2029 lectio
853 1962 1038 2048 recipienda
1060 1970 1110 2029 ost
1131 1970 1196 2044 aut,
1229 1963 1258 2028 si
1287 1962 1415 2030 oodioos

275 2066 447 2149 sequimur,
466 2065 566 2132 verba
580 2069 638 2152 τῆς
653 2063 829 2148 δυνάμεως
844 2065 983 2131 delenda
999 2071 1084 2132 suut.
1118 2063 1291 2144 Quaeritur
1304 2065 1411 2149 igitur,

274 2176 381 2235 utrum
402 2167 554 2235 idoneum
570 2188 701 2236 sonsum
724 2169 807 2235 haso
827 2167 1006 2254 proebeant
1020 2187 1132 2236 neone.
1173 2170 1307 2235 Prorsus
1328 2167 1415 2235 idom

274 2273 386 2338 volunt
408 2277 503 2355 utque
525 2271 582 2338 iliu
602 2269 645 2336 τὰ
659 2275 796 2338 Λυσίου
811 2269 912 2358 ίργαι
938 2271 995 2337 ssd
1010 2271 1092 2338 huso
1106 2271 1207 2338 verba
1223 2270 1414 2356 exquisitius

274 2376 361 2443 diota
382 2381 457 2442 sunt
478 2379 575 2458 atque
598 2375 640 2440 do
663 2375 782 2460 Lysiae
804 2374 975 2442 virtutibus
997 2375 1100 2460 primo
1129 2375 1190 2441 hoo
1219 2375 1290 2441 looo
1319 2395 1413 2442 usur-

274 2486 400 2564 pantur,
428 2484 538 2544 contra
560 2476 703 2561 δύναμις
724 2478 845 2544 usitata
873 2484 924 2544 est
952 2497 1015 2544 uox
1043 2483 1076 2544 et
1105 2476 1252 2561 singulus
1281 2477 1417 2546 virtutes

275 2580 461 2665 significans
476 2581 577 2648 veluti
598 2601 631 2666 p.
650 2583 741 2646 473ιο
765 2574 849 2645 ὥστε
866 2580 897 2646 εἴ
911 2603 962 2657 τις
978 2573 1087 2667 ἀξιοίη
1104 2577 1193 2665 λόγῳ
1210 2579 1418 2668 διδαχθῆναι

275 2682 401 2770 ταύτην
422 2681 483 2770 την
505 2680 661 2767 δύναμιν,
683 2677 756 2771 ἥτις
779 2675 859 2749 πότ’
886 2681 978 2750 ἐστιν
999 2689 1032 2749 et
1054 2688 1153 2749 totam
1168 2683 1289 2768 Lysiae
1311 2682 1417 2750 facul-

254 2794 390 2868 tatem,
424 2794 460 2851 ut
480 2808 513 2872 p.
534 2788 626 2852 tisis
657 2783 697 2852 ὃν
720 2780 787 2850 οἶδ’
812 2780 866 2851 ότι
888 2785 1011 2852 πολλοί
1033 2786 1091 2850 καί
1116 2791 1313 2873 χαρακτῆρα
1335 2779 1417 2874 ἡγη-

276 2911 392 2956 σαιντο
417 2883 459 2955 ἀν
482 2889 539 2954 καί
560 2886 688 2956 κανόνα
711 2895 769 2977 τῆς
794 2887 923 2956 ἐκείνου
951 2885 1137 2972 δυνάμεως.
1183 2887 1292 2955 Verba
1317 2889 1417 2974 igitur

275 2991 598 3080 rigdvvoiusmghi.
613 2992 1095 3059 nullamomninovimhabent.
1128 2989 1304 3058 Offendunt
1314 3011 1416 3078 prue-

276 3103 366 3163 toros
387 3095 575 3181 superlativi
598 3095 725 3163 divorso
748 3095 896 3178 adhibiti,
922 3114 1057 3178 quorum
1079 3095 1160 3161 altor
1179 3092 1216 3162 τὸ
1236 3093 1416 3181 κράτιστον

276 3199 427 3266 udieotivi
442 3198 565 3265 vicibus
583 3199 739 3282 iungitur,
765 3200 848 3264 altor
870 3196 907 3264 τὸ
923 3195 1316 3286 χαρακτηριστικώτατον
1337 3199 1416 3265 sub-

276 3302 420 3369 stantivi.
472 3301 540 3368 Has
574 3303 614 3368 ob
648 3321 765 3368 oausas
799 3301 926 3368 oodioes
958 3301 1026 3369 veri
1059 3300 1232 3388 vestigium
1265 3321 1416 3368 servasse

275 3425 410 3488 censeo,
443 3423 524 3488 quos
547 3411 676 3470 secutus
706 3403 810 3471 soribo
835 3403 873 3470 τὸ
896 3402 1259 3490 nostrosnostros
1278 3408 1417 3471 Λυσίου

275 3507 384 3595 ἔργων
399 3508 457 3573 καί
470 3504 863 3595 χαρακτηριστικιότατον
885 3501 903 3595 ἢ
923 3558 930 3572 .
948 3558 955 3572 .
973 3557 980 3572 .
1004 3505 1114 3594 χάρις.
1160 3507 1252 3574 Idem
1266 3505 1417 3594 Dionysii

274 3609 472 3679 consuetudo
495 3610 627 3696 probat3
660 3608 701 3676 oi.
728 3630 760 3695 p.
781 3612 886 3676 78i1ss
910 3609 1104 3677 τελευταῖόν
1127 3607 1198 3676 ἐστι
1219 3616 1286 3676 τῶν
1308 3609 1418 3696 ἔργων

275 3707 459 3782 αὐτοῦκαὶ
480 3711 883 3802 χαρακτηριστικώτατον.
931 3717 1038 3780 476οεε
1060 3711 1186 3801 ταύτην
1207 3713 1271 3797 μὲν
1293 3711 1332 3801 δὴ
1359 3715 1368 3798 (
1406 3767 1413 3780 .

275 3818 336 3906 τὴν
363 3815 473 3906 χάριν)
501 3821 684 3905 κρατίστην
717 3841 753 3883 τε
784 3809 906 3904 ἀρετὴν
934 3818 991 3882 καί
1018 3815 1417 3906 χαρακτηριστικωτάτην

275 3927 333 4008 τῆς
354 3924 493 3987 Λυσίου
515 3921 636 4000 λέξεως
659 3919 762 4005 ’ἔγωγε
785 3925 936 4003 τίθεμαι.
983 3919 1090 3988 Verba
1111 3919 1211 4008 igitur
1234 3927 1293 4008 τῆς
1315 3918 1417 3988 δυνά-

346 4147 362 4210 ¹)
384 4149 442 4202 τοῖς
454 4140 550 4202 ἄλλοις
561 4141 671 4198 ἅπασιν
683 4141 701 4196 ἃ
713 4147 772 4202 τοῖς
784 4144 937 4201 Λυσιακοῖς
950 4139 1131 4198 ίπανθοῦσιν
1143 4143 1212 4206 MR,
1227 4157 1297 4199 corr.
1310 4141 1391 4213 Sylb.
1406 4148 1414 4209 ,Ι

275 4231 295 4295 ²)
315 4224 592 4302 tooumouormov
603 4231 634 4292 F,
654 4225 927 4303 χαρακτηρικώτερον
944 4228 981 4284 Μ.
