3280 4934
609 489 651 499 -
700 448 772 534 [ιι]
821 491 859 500 -
1265 451 1307 515 ιε

168 647 237 722 Qua
264 644 304 708 de
333 644 503 710 lectionum
530 645 742 729 discrepantia
765 646 919 730 Bergldus
946 646 993 710 ita
1020 647 1152 722 iudicat,
1178 655 1214 712 ut
1237 647 1307 712 bre·

168 752 321 818 viatorem
348 751 504 817 distichon
529 758 561 816 ot
584 751 634 816 39.
653 753 699 816 40
727 759 759 816 et
791 751 991 818 1081.1082
1018 771 1056 816 ex
1083 753 1226 835 pluribus
1254 755 1307 818 de-

169 858 337 941 sumpsisse
369 862 401 922 et
437 861 469 924 in
506 864 611 922 artum
646 858 805 941 redegisse
836 859 985 936 coniciat;
1023 863 1190 940 utrumque
1226 861 1308 946 enim

170 970 399 1047 pentametrum
431 964 624 1046 Theognidis
657 985 725 1030 esse
757 965 926 1030 contendit.
987 965 1099 1046 Itaque
1129 965 1212 1030 hano
1242 963 1308 1030 fero

169 1071 263 1137 luisse
287 1070 419 1136 formam
442 1071 677 1156 Theognideam
701 1076 819 1136 censet:

279 1191 398 1282 Κόρνε,
422 1189 495 1258 κύει
518 1189 616 1271 πόλις
638 1185 707 1281 dds,
732 1192 865 1259 όέόοικα
890 1195 924 1258 di
947 1186 991 1280 μὴ
1015 1194 1093 1277 τέκγγ
1117 1187 1223 1277 ἄνδρα

323 1295 491 1388 ὑβριστήν,
513 1305 658 1388 χαλεπῆς
680 1293 826 1388 ἡγεμόνα
850 1296 991 1378 στάσιος.

169 1429 355 1512 ‚Optimates
386 1433 492 1491 temen
524 1425 584 1491 hoo
616 1426 732 1491 malum
760 1447 818 1491 sue
843 1426 992 1510 superbia
1019 1425 1192 1492 commoniti
1221 1428 1311 1492 sunt'.

169 1535 265 1620 (unus
288 1534 453 1598 minimum
475 1533 658 1598 hexameter
680 1533 812 1619 excidit)

324 1650 515 1742 εόθνντῆρα
538 1664 642 1740 κακῆς
664 1647 778 1743 ὕβριος
800 1650 966 1744 ἡμετέρης.

281 1757 377 1830 άστοὶ
398 1763 460 1849 μὲν
483 1755 545 1848 γὰρ
570 1755 630 1830 ἔθ’
654 1762 737 1830 ot'de
762 1760 960 1850 σαόφρονες,
983 1757 1140 1851 ἡγεμόνες
1164 1764 1198 1830 di

325 1864 527 1955 τετράφαται
550 1863 679 1958 πολλὴν
703 1870 736 1948 ἔς
758 1868 930 1960 κακότητα
953 1885 1076 1938 πεσεῖν.

169 1995 256 2060 llaec
283 2019 303 2060 a
330 1995 465 2078 Bergkio
492 1998 656 2081 proposita
682 1996 710 2061 si
736 1995 797 2061 tihi
825 1997 1014 2080 probantur,
1047 1994 1116 2062 οἵδε
1146 1995 1312 2061 lectionem

166 2123 323 2167 unacum
348 2101 553 2168 antecedente
577 2103 760 2169 hexametro
784 2111 869 2169 recte
893 2109 1050 2168 servatam
1073 2124 1140 2167 esse
1159 2125 1178 2167 a
1196 2103 1311 2188 prioris

166 2209 309 2294 syllegae
341 2215 469 2275 auctore
497 2231 633 2276 censeas.
689 2209 808 2276 Contra
835 2211 861 2275 si
890 2232 960 2275 cum
988 2208 1165 2294 Hartungio
1194 2205 1265 2274 ἔασι
1293 2232 1312 2274 a

165 2315 352 2400 Theognide
388 2317 540 2399 scriptum
572 2339 639 2382 esse
671 2318 899 2395 existimamus,
931 2315 1127 2401 probabilius
1159 2323 1207 2382 est
1238 2323 1312 2381 ante

163 2425 386 2489 hexametrum
423 2416 517 2488 ciorol
553 2424 615 2508 μὲν
651 2415 712 2509 γάρ
751 2419 822 2489 ἔασι
854 2419 1055 2508 σαόφρονες,
1086 2415 1245 2510 ἡγεμόνες
1276 2422 1312 2488 de

163 2528 328 2598 exstitisse
347 2552 418 2595 eum
436 2537 676 2613 pentametrum,
695 2531 748 2614 qui
768 2531 799 2594 in
819 2531 993 2614 posteriore
1012 2530 1132 2613 sylloge
1150 2529 1191 2614 (v.
1213 2531 1312 2614 1082)

161 2641 311 2706 servatus
344 2644 404 2714 est,
436 2642 472 2700 ut
503 2636 555 2701 hic
587 2637 653 2702 fere
685 2639 913 2703 sententiarum
946 2657 1081 2703 conexus
1108 2642 1141 2702 et
1168 2657 1312 2702 versuum

160 2745 248 2814 ordo
271 2743 355 2826 apud
379 2742 593 2828 Theognidem
616 2743 725 2808 luerit:

261 2862 380 2952 Κύρνε,
403 2864 475 2932 κάει
498 2863 596 2945 πόλις
618 2857 687 2954 dds,
710 2866 846 2932 όὲόσικα
870 2866 906 2932 di
929 2860 972 2954 μὴ
997 2868 1075 2953 τέκῃ
1099 2861 1205 2952 ἄνδρα

306 2965 497 3062 εόθυντῆρα
521 2981 624 3061 κακῆς
648 2965 760 3060 ὕβριος
783 2965 947 3062 ἡμετέρης.

165 3104 295 3172 Nostra
318 3099 403 3164 enim
426 3098 575 3184 superbie
598 3097 761 3176 efficietur,
784 3105 820 3164 ut
842 3106 1010 3184 tyrannum
1033 3099 1259 3166 nanciscamur’

303 3215 472 3311 ὑβριστήν,
493 3227 638 3310 χαλεπῆς
660 3217 806 3311 ἡγεμόνα
829 3219 972 3302 στάσιος.

257 3322 357 3398 άστοὶ
378 3329 440 3414 μὲν
462 3321 524 3416 γάρ
549 3326 633 3396 ἔασι
657 3327 844 3416 σαόφρονες
867 3335 935 3397 κτλ.

154 3468 288 3534 Forma
318 3461 424 3520 antem
453 3450 538 3533 ἔασι,
569 3477 758 3541 quamquam
791 3457 870 3521 alias
897 3457 981 3540 apud
1010 3455 1225 3540 Theognidem
1252 3477 1313 3522 non

151 3573 297 3658 legitur,
317 3562 401 3646 apud
421 3561 591 3627 Homerum
610 3564 734 3648 saepius
754 3562 898 3640 occurrit,
917 3563 1087 3648 eademque
1105 3563 1191 3648 apud
1208 3563 1314 3629 Xeno-

151 3681 307 3770 phanem
325 3670 451 3752 politam
471 3668 643 3752 elegiacum
661 3669 730 3754 (cfr.
749 3669 858 3736 PLGr.
877 3692 905 3754 p.
915 3670 982 3735 480
1000 3670 1032 3734 in
1051 3668 1161 3754 fragm.
1177 3669 1260 3755 Vll).
1272 3709 1314 3718 -—

253 3793 431 3862 Videamus
454 3815 558 3877 porro,
581 3795 659 3876 quid
681 3797 722 3860 de
745 3794 805 3860 hoc
828 3793 964 3859 disticho
987 3794 1094 3878 inepto
1187 3835 1199 3858 .

204 3921 298 3994 1161
331 3909 459 3984 Οόόένα
482 3909 658 4004 θησαυρὸν
680 3919 819 3985 παισὶν
843 3912 1088 4006 καταθήσειν
1113 3911 1264 4004 άμεινον·

203 4027 301 4103 1162
374 4023 556 4090 αἰτοῦσιν
580 4017 761 4109 δ’άγαθοῑς
784 4017 935 4111 άνόράσι,
959 4021 1081 4111 Κύρνε,
1105 4024 1230 4091 didon·

148 4151 375 4234 iudicandum
399 4149 449 4224 sit,
472 4149 555 4231 quod
579 4150 611 4214 in
635 4150 740 4232 priore
763 4149 884 4234 sylloge
906 4150 953 4214 ita
975 4157 1133 4215 servatum
1155 4157 1216 4217 est:

196 4283 272 4354 409
303 4262 446 4340 Οόόένα
461 4264 635 4358 θησαυρὸν
657 4272 821 4362 necoda]
845 4270 1065 4360 καταθήσει
1088 4267 1213 4360 άμεὶναι

195 4391 272 4462 410
350 4377 500 4458 αἰδοῦς,
522 4369 543 4465 ἡ
566 4371 596 4446 τ’
620 4371 760 4464 άγαθοῑς
784 4373 934 4468 άνδράσι,
956 4373 1070 4466 Κόρν’,
1094 4378 1237 4448 ἕπεται.

146 4513 221 4578 Iam
243 4487 432 4574 antiquitus
451 4484 543 4551 huius
562 4489 735 4552 sententiae
753 4487 918 4553 lectionem
939 4489 1090 4553 incertam
1104 4489 1201 4555 luisse
1220 4493 1314 4574 atque
