3268 4920
567 450 611 458 -
659 414 743 495 [aaut
1229 415 1270 475 aa

664 601 736 684 qe.

220 703 388 786 Pergimus
417 703 461 768 ad
491 703 717 788 explicandam
746 703 845 769 aliam
875 723 971 787 quam
994 703 1106 770 Oioero
1134 704 1168 768 in
1194 723 1271 770 oon-

141 806 296 872 stitnendo
326 825 472 873 sermone
500 815 629 874 senatus
659 814 710 874 est
738 807 903 874 rationem.
959 807 994 872 Si
1012 807 1108 873 'enim
1138 806 1270 873 verbum

140 909 265 992 aliquod
297 909 330 975 in
360 910 473 993 lingua
505 910 687 992 antiquiore
715 911 797 976 duas
830 909 971 977 habebat
1002 909 1266 994 significationes,

140 1011 247 1078 Cicero
269 1031 367 1097 saepe
389 1031 429 1078 ex
451 1012 577 1079 duabus
600 1033 697 1079 unum
720 1014 850 1098 reeepit,
876 1013 1048 1079 dnmmodo
1062 1013 1128 1078 alin
1141 1017 1271 1096 praesto

140 1127 221 1182 esset
243 1136 316 1196 vox,
344 1135 428 1198 qaae
449 1117 581 1184 alterius
604 1117 743 1184 notionis
765 1137 896 1184 munere
918 1117 1115 1201 fungeretur.

220 1219 333 1302 Itaque
356 1217 545 1285 adverbium
567 1239 733 1304 pesquera,
764 1219 850 1302 quud
879 1219 920 1285 ab
949 1218 1041 1284 initio
1068 1218 1115 1284 ita
1144 1215 1272 1282 videtur

139 1341 206 1388 esse
228 1329 426 1414 usurpatum,
459 1327 495 1386 ut
516 1329 581 1388 tres
604 1323 756 1388 terminos
784 1323 867 1386 unde
888 1323 946 1387 ati
965 1345 1024 1407 queo
1053 1322 1088 1386 in
1110 1339 1145 1387 se
1168 1319 1271 1386 eonti-

139 1432 241 1506 ueret,
283 1424 370 1509 apud
401 1425 586 1492 Oioeronem
617 1431 649 1490 et
679 1425 732 1507 qui
763 1445 836 1491 euru
866 1426 966 1492 seonti
996 1434 1071 1492 sunt
1099 1425 1270 1511 scriptores

138 1547 252 1594 aureae
273 1527 389 1593 aetatis
412 1527 584 1613 praecipue
606 1547 701 1593 unam
731 1527 862 1595 retinuit
886 1527 1153 1612 significationem
1183 1528 1271 1592 »κίν-

136 1632 286 1714 pendae«.
326 1631 407 1713 Legi
421 1637 530 1698 autem
545 1651 698 1717 nusquam
720 1632 983 1718 oirpmdwotia«
1006 1632 1093 1717 apud
1109 1632 1206 1699 Corn.
1224 1631 1266 1712 Π,

139 1737 166 1813 2,
178 1737 196 1797 3
207 1755 360 1817 nusquam
371 1743 509 1814 oeatom3
524 1735 567 1800 ol.
579 1754 663 1818 quae
674 1743 843 1820 praeterea
849 1735 1168 1821 oongessitexempla
1176 1733 1271 1800 Haud

136 1835 227 1901 Tura.
245 1835 290 1902 IV
305 1857 379 1922 pag.
393 1841 472 1906 348:
498 1838 583 1904 adde
598 1839 681 1924 Nep.
698 1841 764 1904 Att.
779 1845 809 1920 4,
827 1843 846 1903 2
862 1863 1013 1925 nmquam
1024 1839 1268 1918 -da'ma'tteret;

138 1941 214 2005 Sall.
233 1939 308 2004 hist.
327 1941 354 2017 1,
372 1941 424 2016 48,
444 1945 463 2004 6
485 1961 639 2025 nmquam
652 1979 695 1990 -
705 1963 926 2026 propreaaam3
952 1944 1029 2009 Hor.
1048 1951 1109 2010 sat.
1129 1947 1162 2022 2,
1183 1947 1215 2020 7,
1230 1945 1270 2006 29

136 2063 286 2127 atraqaam
309 2051 446 2107 vocatae.
486 2043 536 2108 De
558 2065 713 2128 nusquam
735 2044 1000 2127 mtrpeadwotm
1022 2046 1064 2111 ol.
1086 2045 1181 2110 Hand
1205 2046 1227 2110 l.
1247 2046 1267 2109 l.

221 2145 449 2210 Adsimulaadi
468 2146 565 2211 verbo
587 2147 688 2212 semel
711 2146 824 2212 Giuero
853 2147 898 2212 ita
930 2165 1007 2212 usus
1029 2153 1089 2227 est,
1123 2154 1157 2212 ut
1185 2144 1270 2212 idem

136 2249 203 2315 lere
219 2248 426 2332 significaret,
453 2247 537 2332 qnod
553 2250 760 2333 comparandi
778 2249 846 2320 inv.
864 2251 889 2326 Ι,
910 2249 961 2330 28,
979 2252 1021 2313 42
1044 2249 1146 2313 amite
1167 2257 1272 2312 uatem
1348 2289 1352 2296 =

136 2373 173 2416 ex
194 2352 296 2436 speeie
318 2351 526 2435 comparabili
552 2359 608 2416 aul
638 2374 675 2416 ex
704 2353 901 2438 ooaaseraada
928 2361 1022 2437 atque
1051 2353 1273 2417 adsimuloado

135 2465 251 2519 notare
280 2455 456 2531 iudicatam
488 2454 573 2520 hano
588 2437 762 2520 'notionem
792 2461 906 2540 postea
933 2455 1008 2520 hoio
1031 2455 1127 2521 verbo
1149 2453 1271 2520 tribuo·

136 2569 210 2624 runt
224 2557 356 2624 Tacitus
381 2555 432 2638 (ef.
451 2557 598 2641 Draeger
619 2556 662 2623 ad
684 2577 761 2624 ann.
784 2564 832 2640 15,
849 2561 899 2642 39]
920 2563 952 2624 et
967 2557 1139 2624 Suetonius
1162 2563 1194 2624 et
1216 2556 1272 2622 alii

140 2661 237 2744 (velut
259 2662 384 2744 Vulg.).
432 2659 575 2744 Reliquis
603 2659 751 2727 omnibus
779 2661 869 2747 apud
891 2661 1079 2728 Oioeronern
1109 2659 1188 2727 loeis
1209 2679 1273 2725 vox

134 2764 353 2839 assimulaodi,
377 2763 470 2828 eolus
493 2781 558 2828 uua
571 2761 676 2828 forma
696 2764 897 2829 aemulatus
918 2764 1006 2850 apud
1027 2764 1117 2830 illum
1141 2763 1269 2848 legitur,

134 2867 220 2934 idem
245 2866 406 2950 signifieat
427 2866 513 2950 quod
535 2866 686 2930 simulare
694 2866 823 2952 stupere
850 2868 1008 2953 (exempla
1029 2867 1103 2934 vide
1124 2867 1158 2933 in
1181 2867 1275 2932 Anti-

134 2973 227 3037 barb.
253 2989 328 3056 pag.
352 2973 410 3033 172
426 2973 505 3051 sq).

165 3083 169 3090 '
228 3073 352 3138 Oranus·
380 3073 513 3139 verbum
543 3073 584 3138 ab
614 3073 705 3139 initlo
733 3075 849 3158 woradi
875 3097 944 3138 oum
967 3074 1071 3158 aliquo
1092 3095 1155 3157 per
1176 3074 1275 3137 eollo-

134 3177 243 3260 quium
265 3175 419 3242 habuisse
441 3175 708 3260 signifieationem
731 3184 872 3257 eonstet3
898 3175 940 3244 ol.
960 3177 1048 3244 Fest.
1069 3197 1144 3264 pag.
1167 3178 1226 3241 198
1242 3175 1275 3240 Μ

134 3301 230 3343 orare
247 3277 392 3363 antiquos
414 3279 530 3342 diuisae
549 3301 611 3362 pro
633 3301 726 3364 apere
749 3281 923 3345 testimonio
946 3288 1003 3357 eet,
1028 3281 1115 3365 qaod
1134 3289 1275 3343 waterus

133 3383 228 3459 dicte
254 3382 318 3446 vid.
345 3383 443 3448 etism
458 3382 601 3448 Brixiam
625 3383 669 3449 ad
692 3381 740 3448 Pl.
760 3383 847 3449 trin.
872 3387 964 3448 1161.
1005 3381 1172 3450 Remansit
1194 3381 1275 3448 haeo

133 3482 328 3567 principalis
351 3485 439 3551 verbi
462 3486 548 3553 notio
571 3487 604 3551 in
627 3487 722 3553 oertis
745 3487 868 3570 aliquot
892 3486 1038 3552 formulis
1066 3484 1277 3551 iurlsoonsul·

133 3593 240 3650 torum
263 3587 418 3653 sermonis
440 3589 587 3673 propriis,
614 3590 704 3656 velut
725 3611 853 3655 caueam
876 3609 967 3654 orare
989 3589 1054 3655 Cio.
1074 3588 1202 3666 Quinot.
1224 3589 1273 3668 13,

133 3693 178 3751 43
203 3709 271 3752 eom
300 3693 353 3770 (so.
379 3693 515 3772 canaam)
543 3712 612 3755 caat
635 3693 749 3770 orarit,
782 3693 872 3758 Brut.
895 3697 942 3773 lt,
963 3698 1001 3757 47
1027 3693 1166 3757 oravisse
1187 3689 1276 3773 oapi-

133 3792 177 3855 ta's
200 3813 345 3867 coaaom3
385 3792 472 3856 litem
502 3813 594 3858 orare
616 3795 670 3860 off.
697 3798 727 3878 3,
758 3801 805 3878 10,
835 3797 875 3859 43
906 3795 1043 3860 orandae
1066 3793 1132 3860 titis
1155 3803 1277 3875 tempas

132 3903 199 3962 eto.
246 3893 338 3970 Quae
367 3896 511 3978 genuina
539 3897 628 3963 verbi
651 3899 701 3963 vis
729 3898 922 3984 perspicitur
953 3899 1049 3964 etiam
1078 3897 1112 3963 in
1141 3895 1277 3962 formula

133 4021 171 4061 re
195 3999 321 4062 iraoruta
344 3997 412 4064 cio.
438 4001 534 4066 Rosu-
559 4001 631 4065 Am.
656 4004 687 4081 9,
715 4005 772 4080 26;
813 4001 855 4108 af.
881 4001 964 4066 Eun.
988 4005 1072 4084 trag.
1099 4003 1168 4064 v.4
1198 4017 1273 4083 pag.

138 4103 225 4166 15ss
248 4101 368 4165 lacerta
389 4125 424 4166 re
446 4111 540 4186 atque
562 4103 705 4182 leuraam
740 4104 886 4170 Ambros.
912 4121 965 4189 ep.
984 4107 1004 4168 6
1026 4121 1057 4168 u.
1081 4108 1093 4166 l
1120 4102 1278 4166 inoratam

133 4243 180 4254 -
204 4226 347 4280 coaequa
374 4204 501 4272 videtur
522 4213 628 4272 autern
652 4207 731 4274 haeo
753 4208 871 4274 looutio
892 4230 927 4271 ro
949 4207 1074 4272 inorata
1097 4203 1191 4288 quasi
1213 4205 1280 4270 sol-

134 4308 263 4376 lemnis,
285 4327 342 4392 per
364 4309 494 4392 longum
518 4311 670 4394 temporis
693 4311 831 4397 spatium
854 4311 1025 4377 mansisse.
1071 4309 1160 4376 Haeo
1190 4308 1280 4392 prin-
