3266 4924
328 365 346 427 l
763 395 806 406 -
854 358 939 444 raso]
986 395 1029 406 -

326 551 556 636 composuerit,
590 551 753 634 putandus
776 557 880 616 estet
903 551 936 615 in
960 552 1054 615 rehas
1076 558 1109 615 et
1132 551 1163 614 iu
1188 571 1332 616 sermone
1355 549 1468 614 multis

326 656 429 721 modis
452 655 593 739 pendere
616 675 657 719 err
680 655 754 719 aliis
778 653 995 738 scriptoribus.
1037 655 1123 719 Inter
1139 673 1250 719 omnes
1266 663 1383 734 autem,
1412 654 1467 736 qui

326 759 382 824 illo
405 767 546 843 tempore
568 759 609 823 de
627 765 696 822 arte
713 757 872 823 rhetorica
887 758 1095 842 scripserunt,
1116 778 1208 822 nemo
1224 765 1347 822 tantam
1363 757 1467 841 adep-

327 869 377 928 tus
401 870 451 928 cst
471 861 693 927 auctoritatem
716 867 868 942 quantam
894 859 1101 944 Cornificius,
1133 862 1223 925 cuius
1245 862 1403 926 rhetorica
1426 863 1471 924 ad

327 965 525 1029 Herennium
547 984 642 1046 quarn
666 971 736 1028 arta
758 963 948 1046 cognatione
972 964 1168 1030 cohaereant
1189 985 1261 1030 cum
1284 965 1469 1030 Ciceronia-

327 1089 388 1133 nae
411 1067 490 1132 artis
513 1067 690 1132 rhetoricae
713 1067 947 1130 alciacensibus
970 1067 1061 1132 libris
1084 1067 1244 1132 neminem
1268 1067 1360 1150 fagit.

412 1171 525 1254 Itaque
547 1190 628 1253 quae
652 1170 733 1235 ratio
755 1170 935 1236 intercedat
957 1171 1040 1236 inter
1063 1171 1224 1237 Cornificii
1246 1179 1278 1236 et
1301 1172 1467 1237 Ciceronis

326 1295 523 1356 sermonem,
557 1273 738 1339 accuratius
772 1273 1000 1356 disquiramus.
1049 1275 1245 1357 Diligentius
1275 1283 1380 1340 autern
1410 1295 1466 1340 eos.

327 1385 449 1442 tantum
471 1377 719 1461 perquisivimus
741 1377 857 1456 libros,
884 1397 964 1459 quos
987 1378 1107 1462 primos
1130 1378 1250 1462 publici
1279 1379 1359 1444 iuris
1389 1378 1466 1444 fecit

327 1481 452 1547 Cicero:
480 1481 550 1546 dico
571 1480 669 1546 libros
685 1479 726 1546 de
741 1480 926 1547 inventione
948 1501 1012 1546 non
1036 1483 1136 1546 mallo
1159 1491 1233 1566 post
1247 1503 1278 1546 a.
1296 1502 1326 1546 u.
1347 1485 1410 1546 669
1435 1488 1467 1545 ut

327 1585 453 1651 videtur
475 1584 676 1667 compositos,
704 1584 879 1650 orationem
902 1605 960 1668 pro
976 1585 1012 1649 P.
1031 1583 1179 1661 Quinctio
1195 1605 1279 1650 anna
1295 1589 1357 1650 673
1374 1585 1467 1650 habi-

327 1695 403 1768 tam,
430 1688 605 1753 orationem
627 1707 684 1772 pro
708 1688 783 1754 Sex.
803 1689 917 1753 Roscio
937 1689 1088 1754 Amerino
1111 1710 1196 1754 anno
1219 1693 1281 1753 674
1304 1689 1464 1766 habitam;

327 1812 401 1856 nam
424 1811 495 1856 cum
519 1796 592 1874 post
620 1791 796 1856 orationem
820 1791 1011 1858 Roscianum
1035 1792 1146 1858 Cicero
1177 1813 1237 1876 per
1267 1793 1467 1875 aliquantum

327 1894 479 1979 temporis
501 1894 534 1958 in
551 1893 690 1958 Graecia
712 1902 745 1960 et
766 1894 799 1959 in
818 1895 897 1960 Asia
920 1895 1041 1961 minore
1068 1897 1174 1978 (annis
1197 1899 1377 1971 lars-677}
1405 1895 1467 1960 arti

327 1997 504 2063 rhetoricae
526 1996 708 2064 accuratius
732 1997 974 2081 cognoscendae
997 2019 1127 2083 operam
1157 2001 1301 2077 navarit,
1328 2000 1403 2064 inde
1427 2000 1468 2063 ab

329 2101 388 2166 hoc
411 2109 552 2186 tempore
575 2120 756 2166 sermonem
772 2101 1016 2167 Ciceronianam
1034 2103 1132 2168 multo
1148 2123 1222 2169 esse
1238 2101 1466 2186 elegantiorem

328 2206 491 2288 multoque
526 2205 683 2288 puriorem
716 2212 966 2271 consentaneum
1000 2213 1059 2272 est.
1107 2208 1256 2272 Attamen
1294 2207 1406 2272 Cicero
1434 2207 1466 2273 in

328 2309 439 2394 primis
462 2328 588 2390 quoque
610 2327 690 2392 qnos
718 2315 790 2392 post
820 2308 957 2373 reditum
987 2329 1028 2374 ex
1049 2309 1128 2375 Asia
1157 2311 1349 2395 conscripsit
1376 2311 1468 2375 libris

214 2455 216 2458 -
327 2434 391 2478 non
415 2433 519 2496 pauca
542 2431 582 2476 ex
604 2411 644 2476 iis
667 2411 808 2492 admisit,
834 2431 917 2493 quae
941 2419 1052 2497 postca
1074 2414 1143 2497 ipse
1158 2414 1363 2499 improbavit;
1393 2435 1468 2480 sen-

327 2518 388 2582 sim
410 2515 496 2580 enim
519 2522 551 2580 et
572 2514 803 2599 pedetemptim
821 2515 863 2579 ad
883 2537 954 2580 eam
970 2524 1139 2600 provectus
1156 2526 1206 2582 est
1222 2517 1464 2602 perfectionem,

327 2639 409 2702 qaae
437 2620 535 2702 paulo
564 2624 640 2682 ante
668 2619 830 2684 orationes
853 2619 1050 2704 Philippicas
1079 2619 1113 2684 in
1144 2621 1342 2686 orationibus
1371 2641 1470 2706 prae-

328 2724 423 2807 cipue
446 2729 592 2806 apparet.

415 2826 585 2890 Praeterea
607 2843 679 2888 cam
702 2824 786 2904 stili,
813 2845 909 2907 quem
933 2826 1067 2910 scriptor
1089 2826 1209 2908 aliquis
1224 2826 1366 2909 adhibet,
1393 2848 1470 2911 pre

330 2929 448 3014 prietes
483 2949 545 2993 non
580 2935 646 2992 tam
681 2928 722 2992 iis
753 2927 921 3010 efficiatur,
955 2949 1038 3010 quae
1072 2929 1252 3011 admiserit,
1287 2951 1383 3014 quarn
1413 2932 1464 3007 iis,

329 3053 412 3116 qnae
435 3032 579 3097 consulto
608 3031 791 3111 evitaverit,
824 3032 858 3096 in
888 3032 950 3098 hac
980 3034 1170 3116 quaestione
1199 3054 1263 3100 non
1293 3036 1397 3098 solum
1429 3056 1469 3100 ea

330 3137 512 3217 afferemus,
532 3155 615 3218 qaae
630 3136 812 3200 communia
827 3135 925 3201 habet
942 3136 1054 3201 Cicero
1070 3157 1142 3202 curn
1158 3137 1343 3207 Cornificio:
1370 3139 1469 3202 imma

222 3231 228 3242 '
330 3259 371 3304 ex
393 3238 450 3318 iis,
476 3257 559 3319 qaae
582 3237 773 3322 improbavit
795 3237 868 3320 ille,
901 3245 1021 3319 quanto
1047 3239 1226 3322 elegantior
1248 3249 1280 3304 et
1303 3241 1412 3324 purior
1435 3241 1467 3304 in

330 3341 410 3424 ipsis
434 3339 544 3425 primis
566 3340 655 3406 libris
668 3332 905 3406 'Ciceronianus
929 3340 971 3406 sit
992 3361 1111 3423 sermo,
1145 3343 1316 3427 praecipue
1345 3363 1466 3426 cagno-

332 3445 440 3510 scitur.

420 3547 466 3611 llx
488 3547 592 3628 libris,
618 3545 728 3628 quiin
751 3545 811 3612 hoc
842 3548 993 3630 opusculo
1023 3548 1219 3616 conficiendo
1243 3571 1367 3615 summo
1391 3553 1468 3616 nrihi

332 3651 460 3716 fuerunt
485 3649 679 3730 adiumenta,
713 3653 813 3733 primo
842 3649 910 3714 loco
939 3653 1217 3718 commemoranda
1247 3663 1296 3718 est
1324 3655 1469 3719 Eduarrli

335 3752 508 3818 Woelfflini
536 3752 768 3832 commentatio,
802 3772 885 3834 qaae
916 3753 1099 3819 inscribitur
1121 3759 1200 3818 Zam
1231 3757 1469 3841 Valpaerlaleia

338 3859 381 3940 (in
408 3856 523 3920 Philol.
555 3855 698 3937 Gotting.
731 3855 793 3920 vol.
828 3855 969 3922 XXXIV
998 3878 1074 3941 pag.
1103 3861 1161 3922 137
1187 3864 1283 3942 sqq).
1339 3863 1377 3925 ln
1409 3861 1469 3927 hac

333 3960 504 4044 scriptione
527 3958 575 4022 vir
597 3957 801 4024 doctissimus
824 3960 979 4024 sermonis
1002 3961 1144 4044 vulgaris
1168 3963 1347 4028 illustrandi
1371 3986 1468 4030 caasa

334 4084 404 4130 cum
428 4084 468 4128 err
489 4062 560 4126 aliis
576 4062 710 4126 aliorum
727 4062 915 4146 scriptoram
932 4064 1022 4128 libris
1039 4067 1199 4148 permulta
1214 4069 1306 4132 affert
1321 4070 1468 4152 oxenrpla

334 4174 400 4232 tum
423 4168 566 4250 ipsarum
588 4186 645 4249 pro
668 4165 816 4242 Quinctio
839 4174 871 4230 et
893 4187 949 4251 pro
973 4169 1086 4232 lloscio
1109 4170 1286 4234 orationum
1314 4173 1468 4236 rationem

335 4269 430 4334 habet
462 4267 536 4332 iude
570 4287 590 4330 a
624 4289 697 4350 pag.
734 4272 792 4330 l-l2
827 4289 895 4351 sqq.
951 4271 1031 4337 Item
1065 4293 1105 4336 ex
1142 4293 1225 4338 nova
1260 4275 1473 4338 Antitarbari
