3262 4926
624 408 837 470 „51-

162 613 244 662 esse.
284 595 388 673 Quam
412 595 603 661 sententiam
627 595 806 660 absolutam
830 593 993 678 excipiunt
1014 594 1047 660 in
1070 593 1232 660 codicibus
1249 595 1297 660 iili
1417 655 1424 667 ,

163 717 283 781 versus,
310 718 390 782 quos
414 698 538 782 spurios
563 715 635 764 esse
658 696 822 764 contendi:

211 803 237 882 1,
265 806 327 867 670
351 824 424 866 nam
447 802 659 887 quodnrmqne
680 801 745 864 suis
766 809 920 865 mutatum
933 800 1058 886 finibus
1080 802 1153 884 enit,

346 906 491 970 continuo
513 905 571 968 lroe
593 925 678 969 mors
700 912 746 968 eet
768 903 855 968 illice
877 905 961 988 qnod
971 903 1048 990 fnit
1067 913 1152 968 ante.

340 1010 477 1093 proinde
499 1009 613 1094 aliquit
635 1031 784 1092 superare
805 1030 926 1090 reeceeee
949 1017 995 1074 eet
1017 1009 1171 1074 incolume
1193 1009 1265 1074 ollis

346 1135 383 1177 ne
407 1113 466 1178 tior·
485 1135 536 1177 rec
557 1113 688 1177 redeant
710 1113 754 1175 ad
772 1111 871 1176 nilum
883 1112 1039 1199 funditus
1061 1135 1165 1176 ornnes

347 1216 385 1279 de
407 1215 531 1300 nr’loque
554 1224 666 1280 renata
688 1216 825 1300 uipmcat
846 1215 937 1298 copie
958 1236 1075 1278 rernm.

456 1337 529 1400 676.
560 1339 572 1398 1
599 1363 641 1389 =
665 1337 738 1398 792.
765 1338 794 1399 3.

455 1441 518 1502 672
548 1437 605 1503 cfr.
640 1441 712 1502 790.

455 1545 517 1606 673
555 1571 597 1596 =
635 1543 697 1605 797

456 1648 517 1709 674
556 1675 598 1700 =
636 1647 697 1709 757
726 1645 874 1729 (eiecerat
895 1665 954 1730 pro
978 1645 1155 1729 adcessere).

249 1765 353 1848 Atque
375 1765 426 1847 id,
460 1765 545 1848 quod
575 1765 608 1830 in
632 1766 778 1831 versibus
809 1768 883 1831 670.
913 1771 925 1828 l
960 1765 1194 1850 pronuntiatur,
1226 1786 1297 1832 cum

163 1875 311 1949 mutetur,
339 1889 405 1934 rem
429 1869 556 1946 confici,
582 1868 634 1935 hic
658 1868 768 1935 inutile
791 1877 852 1935 est.
899 1869 1013 1952 Neque
1035 1869 1120 1935 enim
1144 1868 1300 1935 affirmari

164 1991 243 2054 opus
267 1977 331 2050 cst,
358 1991 433 2054 uun,
459 1992 531 2037 cum
562 1980 711 2050 mutetur,
737 1973 845 2055 ignem
869 1972 993 2056 perire,
1025 1971 1175 2056 quoniam
1205 1978 1300 2056 poeta

165 2072 275 2138 eodem
300 2093 354 2139 ore
377 2072 458 2138 dixit
485 2075 520 2154 (l,
548 2077 621 2137 665.
641 2077 671 2154 6)

272 2193 357 2276 qnod
377 2193 407 2256 si
416 2195 511 2279 forte
534 2193 599 2256 alio
622 2193 753 2257 eredunt
774 2194 895 2257 ratione
913 2202 1038 2275 potesse

272 2295 354 2379 iqne'c
376 2296 408 2357 r'rs
430 2304 518 2359 coetu
541 2295 703 2379 stinan'
722 2305 903 2381 mutareque
925 2317 1038 2378 corpus
1061 2319 1088 2359 e.
1107 2321 1136 2382 q.
1155 2319 1181 2359 s.

164 2414 284 2480 Versus
314 2433 389 2480 vero
419 2418 558 2479 arr-4
588 2414 843 2499 interpolationis
877 2414 1178 2500 compilationisque
1207 2421 1300 2480 notas

164 2524 280 2602 gerunt
302 2518 343 2582 ab
366 2517 494 2584 homine
516 2517 653 2600 quodam
673 2518 807 2584 molesto
823 2517 998 2602 profectae,
1023 2517 1078 2601 qui
1093 2525 1210 2602 poetae
1223 2536 1300 2583 con-

165 2620 271 2686 silium
294 2641 360 2686 uon
382 2620 594 2704 intellegeret.
640 2621 674 2685 Is
697 2620 781 2687 enim
813 2641 884 2685 cum
915 2620 949 2686 id
972 2626 1065 2706 agat,
1098 2628 1133 2687 ut
1154 2621 1301 2688 Heracli·
1359 2692 1363 2702 ,

164 2731 230 2789 turn
261 2725 393 2806 eiusque
423 2729 599 2790 sectatores
629 2721 670 2788 ad
699 2723 873 2789 absurdum
900 2721 1016 2800 ducat,
1048 2723 1187 2790 ostendit
1222 2725 1301 2790 nihil

165 2827 293 2892 omuino
315 2827 444 2909 igneum
469 2846 632 2910 superare,
659 2827 688 2891 si
710 2826 794 2909 ignis
817 2833 959 2894 mutatus
979 2847 1090 2894 omncs
1105 2848 1157 2894 res
1173 2827 1297 2894 formet.
1380 2895 1382 2900 ,

165 2929 250 3007 Quid
272 2931 370 3014 igitur
393 2929 453 2996 sibi
476 2930 544 2994 vult
565 2929 646 2993 illud

268 3032 405 3115 proinde
427 3031 542 3116 aliquit
563 3053 712 3115 superare
733 3053 854 3094 necesse
877 3040 923 3095 est
944 3032 1096 3096 r'neolurne
1117 3033 1210 3096 ollis?

251 3149 579 3218 Animadvertendum
602 3157 708 3216 autem
739 3158 803 3232 est,
838 3169 966 3217 versum
990 3153 1052 3216 672
1076 3152 1163 3217 etin
1194 3171 1233 3217 ea
1261 3151 1302 3218 de

164 3275 229 3338 qua
257 3254 397 3321 diximus
425 3253 671 3338 interpolatione
699 3273 828 3320 versum
858 3256 919 3318 755
948 3254 1081 3320 alterius
1110 3254 1184 3319 libri
1207 3255 1302 3320 ordiri

166 3378 206 3423 ex
222 3356 370 3441 proinde.
418 3356 498 3422 Cum
522 3363 655 3438 uterque
677 3356 766 3422 locus
788 3355 1000 3440 interpolatus
1024 3355 1081 3436 sit,
1106 3354 1141 3420 id
1164 3374 1242 3422 casu
1265 3376 1303 3422 ac

166 3461 294 3525 fortuna
316 3459 370 3524 rix
394 3459 512 3525 factum
535 3464 600 3540 est,
627 3459 684 3524 sed
707 3458 881 3524 verisimile
904 3464 954 3524 est
977 3478 1074 3548 uuum
1103 3457 1303 3543 eundemque

166 3563 326 3628 hominem
341 3569 511 3644 utrumque
530 3562 634 3627 locum
657 3562 881 3647 interpolasse,
906 3561 972 3644 qui,
999 3581 1069 3626 cum
1093 3562 1174 3628 satis
1188 3563 1303 3628 verbo-

166 3685 234 3730 rum
258 3664 354 3749 copia
376 3671 584 3748 premeretur,
609 3663 722 3746 ineis,
749 3684 832 3746 quac
854 3664 926 3749 ipse
953 3663 1156 3744 elaborabat,
1190 3664 1303 3731 eadem

165 3766 324 3852 particula
346 3773 497 3832 uteretur.
523 3802 566 3813 -

252 3889 365 3952 Restat
386 3885 498 3952 tertius
520 3886 620 3968 locus,
649 3887 702 3951 ubi
725 3904 839 3952 versus

318 4011 395 4054 ,narn
418 3990 630 4074 quodcumque
653 3989 718 4052 suis
740 3997 894 4053 mutatum
903 3987 1029 4071 finibus
1052 3989 1127 4067 ecit,

322 4093 466 4156 eontr‘nuo
488 4091 545 4154 hoc
568 4114 651 4156 mors
674 4102 720 4156 eet
741 4091 828 4156 itlius
850 4091 935 4175 quod
944 4091 1020 4176 snit
1042 4100 1114 4155 ante

164 4194 330 4277 leguntur:

608 4298 674 4378 111,
700 4301 775 4388 sio.
804 4301 855 4362 no.
