3262 4926
633 410 849 470 -45·‘

171 611 299 674 remus,
332 612 405 660 eum
435 592 520 664 male
548 611 619 660 oum
649 594 699 662 eis
724 613 806 676 qnae
835 594 1034 680 praeeedunt
1063 597 1214 680 eoniungi
1244 604 1310 663 tum

171 696 287 761 falsam
317 697 510 766 seutentiam
538 697 690 782 prodere;
728 697 777 766 sin
806 718 897 779 eam,
930 713 1013 782 qnae
1042 701 1226 766 necessaria
1256 702 1307 782 eit,

171 799 380 868 mutationem
413 799 587 883 faciamus,
625 799 833 886 posteriorem
860 821 972 870 eorum
1000 811 1125 887 partem
1155 825 1177 872 a
1203 805 1309 888 priore

170 902 352 974 dissentire.
393 902 487 982 Quae
508 924 580 974 eum
602 905 650 974 ita
670 905 811 986 sintne
835 908 984 974 257-60
1006 907 1134 991 quidem
1154 909 1309 975 aLnore·

170 1006 214 1072 tio
237 1006 405 1092 oompositi
427 1025 500 1076 esse
521 1013 667 1092 possunt.

255 1110 411 1180 Versibus
435 1113 599 1176 atr-eo
622 1119 654 1180 et
677 1114 860 1180 ter-305
884 1113 1020 1180 seolnsis
1048 1112 1203 1182 habemus
1233 1133 1309 1180 seu-

168 1212 339 1280 tentiarum
368 1215 609 1281 continuitatem
637 1215 871 1299 planissimam.
917 1213 965 1282 lla
995 1217 1097 1294 euim,
1131 1237 1228 1301 quam
1258 1218 1308 1284 in-

168 1318 271 1386 stituit
293 1325 390 1402 poeta
411 1319 451 1386 de
474 1319 584 1386 mundi
605 1319 819 1394 mortalitate,
845 1319 992 1403 quaestio
1017 1321 1142 1388 duabus
1166 1341 1207 1389 ex
1230 1343 1299 1407 par·

168 1421 254 1488 tibus
277 1429 417 1490 eonstot:
444 1443 578 1506 quarum
602 1423 706 1490 altera
728 1423 873 1506 quidem,
900 1443 985 1506 quae
1007 1443 1120 1490 versus
1143 1428 1304 1504 235-46,

169 1527 307 1606 ter-o,
334 1528 505 1592 eos-350
521 1526 673 1604 eontinet,
698 1525 740 1593 de
756 1527 847 1594 eaelo
862 1533 1023 1610 terraque,
1042 1546 1084 1593 ex
1099 1528 1215 1610 quibus
1230 1549 1305 1613 par-

167 1627 252 1694 tibus
267 1628 405 1696 mundus
421 1635 556 1711 eonstat,
582 1630 686 1696 altera
708 1629 748 1697 de
770 1636 836 1696 toto
858 1631 978 1697 mundo
999 1629 1116 1715 agitur.
1156 1632 1204 1699 Ao
1219 1632 1306 1716 prior

167 1731 296 1814 quidem
318 1751 395 1817 pars
417 1733 480 1800 tria
501 1732 744 1818 comprehendit
765 1734 924 1800 membra:

252 1836 278 1901 1.
306 1837 467 1902 235-46
496 1835 742 1920 demonstratur,
769 1837 910 1903 maxima
935 1837 1046 1904 mnudi
1068 1839 1211 1905 membra
1233 1859 1304 1904 eum

166 1947 355 2025 eonsnmpta
376 1939 593 2024 regignuntur,
621 1940 703 2008 seire
731 1940 844 2025 licere,
871 1941 952 2008 oneli
982 1961 1107 2025 quoqne
1136 1949 1304 2025 terraeque

166 2043 267 2110 luisse
288 2043 480 2128 principiale
502 2043 633 2127 aliquod
655 2051 781 2128 tempus
804 2044 992 2127 elodemque
1015 2044 1165 2112 futuram.

251 2146 295 2210 Il.
322 2149 460 2212 251-6.
486 2149 634 2213 soe—23
658 2139 905 2230 demonstratur,
932 2155 964 2215 et
986 2154 1102 2214 terram
1122 2155 1154 2214 et
1177 2151 1303 2216 eaelum

165 2269 205 2314 ea
226 2255 343 2316 natura
365 2249 515 2335 praedita
536 2269 619 2333 esse,
646 2257 681 2316 nt
696 2251 844 2317 mortalia
859 2270 931 2318 esse
947 2250 1134 2318 videantur:
1160 2273 1199 2318 ao
1212 2254 1303 2338 prin-

163 2352 248 2436 cipio
271 2351 400 2435 quidem
423 2361 542 2420 terram

369 2459 400 2540 a)
428 2460 567 2521 251-4.

369 2560 400 2644 n)
427 2562 567 2625 ase-e.

374 2666 402 2746 o)
431 2665 590 2728 306-17.

163 2763 279 2832 deinde
302 2767 425 2832 eaelum
449 2769 609 2832 tre-23.

247 2869 307 2934 Ill.
334 2869 369 2935 Si
391 2891 455 2937 uon
478 2878 587 2938 essent
607 2870 718 2955 genita
739 2879 825 2937 terra
840 2879 872 2937 et
887 2871 1022 2950 eaelum,
1049 2891 1106 2938 eur
1121 2871 1163 2938 od
1178 2881 1299 2940 eertum

161 2971 321 3054 quendam
343 2971 440 3038 finem
462 2973 626 3040 hominum
647 2973 801 3040 memoria
816 2974 955 3059 pertinet
968 2993 1073 3057 neque
1088 2981 1162 3042 aute
1178 2976 1298 3042 bellum

160 3074 335 3140 Troianum
365 3075 533 3159 quiequam
562 3096 668 3142 rerum
697 3075 916 3160 bellorumque
951 3076 1070 3142 factum
1102 3097 1175 3145 esse
1205 3099 1299 3146 aoce-

161 3176 288 3260 pimust

246 3279 365 3346 Faotas
393 3299 469 3346 vero
500 3287 575 3347 sunt
603 3281 682 3348 illae
709 3281 986 3368 interpolationes,
1018 3283 1094 3365 quia
1123 3305 1298 3370 argumen-

159 3381 237 3448 tatio
259 3383 374 3450 deesse
396 3383 574 3465 videbatur,
601 3404 666 3467 qua
687 3385 787 3451 verba
816 3385 862 3468 (V,
891 3388 963 3470 243)

659 3509 721 3572 quo
737 3496 873 3571 propter
894 3488 1032 3553 oramina
1053 3491 1165 3554 mundi

266 3609 335 3652 cum
357 3589 479 3654 ordeum
500 3591 639 3655 memora
660 3613 699 3654 ae
716 3591 824 3674 parteis
845 3601 1029 3676 consumpta
1050 3593 1187 3678 repipni.

158 3688 428 3772 confirmarentur,
453 3711 524 3759 eum
548 3712 631 3773 eum,
658 3693 713 3776 qul
729 3693 944 3778 interpolavit,
970 3696 1159 3779 praeteriret
1173 3696 1295 3764 Luere-

158 3792 238 3858 tinm
263 3791 296 3858 in
325 3793 427 3878 primo
457 3794 538 3861 libro
568 3796 650 3862 satie
679 3798 781 3862 multa
811 3797 852 3863 de
881 3798 1066 3883 primordiis
1095 3799 1290 3884 disputasse,

157 3915 218 3978 qno
241 3915 387 3980 quaeque
409 3902 526 3964 natura
547 3917 695 3982 supremo
718 3906 861 3984 ternpore
883 3900 1085 3980 dissolveret,

285 3999 312 4082 I,
339 4003 401 4064 547
424 4001 571 4066 mammes
592 4011 628 4066 ot
649 4003 828 4086 suppeditet
848 4003 941 4068 robae
963 4005 1161 4088 reparandis,

155 4102 296 4185 itemque
318 4123 356 4170 eo
378 4104 466 4186 loeo,
493 4124 588 4186 quem
611 4124 709 4190 supra
731 4105 877 4187 laudavi,
911 4107 960 4188 11,
990 4111 1072 4173 1105
1096 4127 1165 4192 sqq.
1192 4129 1292 4194 expo-

155 4204 276 4286 suisse,
324 4207 428 4272 umori
468 4214 572 4273 terrae
617 4207 685 4291 igni
730 4209 797 4274 aeri
835 4228 962 4294 semper
1001 4230 1084 4276 nova
1120 4211 1293 4296 primordia

155 4307 327 4392 adportari,
