3304 4922
611 426 654 436 -
702 391 788 470 μοι]
836 427 879 438 -
1255 395 1313 457 107

179 573 233 638 καί
255 569 342 638 κατὰ
363 571 425 660 τὴν
447 561 648 660 προαίρεσιν
674 625 680 638 .
703 625 709 638 .
732 624 737 637 .
763 575 928 642 καὶκατὰ
951 573 1011 662 τὴν
1032 575 1187 660 δύναμιν.
1236 582 1311 644 819ι

180 664 271 741 οὗτοι
294 681 493 761 προαιρέσει
514 700 550 742 τε
573 671 677 763 ὁμοίᾳ
699 676 883 765 ἐχρήσαντο
910 729 945 742 ..
968 729 976 742 .
1006 681 1063 744 καί
1084 678 1251 763 ,δυνάμεις
1274 675 1314 747 οὐ

179 776 267 844 πολύ
287 803 320 844 τι
343 777 572 866 διαφερούσας
600 780 702 863 έσχον
731 776 894 869 ἀλλήλων.
943 786 1032 847 847ω
1060 778 1135 848 οὔτε
1166 791 1224 870 τῆς
1252 778 1313 850 αδ-

178 889 234 969 τῆς
257 877 299 948 άν
322 887 553 968 προαιρέσεως
575 882 706 964 δόξειεν
735 878 932 970 ἀμφοτέρας
961 879 1129 972 ὑπάρχειν
1151 884 1226 953 οὔτε
1254 895 1313 974 τῆς

179 980 279 1072 αὐτῆς
312 981 498 1068 δυνάμεως.
530 1023 573 1036 -
607 989 642 1054 Ρ.
670 993 791 1052 90011ss
825 989 913 1067 λέξει
945 1011 981 1053 τε
1015 987 1219 1075 κεκόσμηκεν
1252 987 1313 1056 αὑ-

177 1086 253 1164 τοὺς
282 1093 421 1175 καθαρᾷ
449 1091 507 1155 καί
529 1102 634 1176 σαφεῖ
664 1093 721 1156 καὶ
750 1088 906 1175 συντόμῳ
934 1089 1073 1168 καὶτὰς
1100 1087 1204 1168 littae
1235 1086 1312 1177 δρε-

178 1189 236 1268 τδις
270 1189 391 1277 ἐχούσῃ
425 1188 486 1278 τήν
518 1217 553 1258 τε
585 1186 752 1278 ἁρμονίαν
782 1188 889 1270 οὕτως
920 1193 1063 1260 ἔναυλον
1097 1189 1313 1262 ἀποδέδωκεν

178 1289 246 1377 άμα
279 1306 350 1371 τοῖς
383 1287 533 1381 ἡδίστοις
567 1293 873 1381 παρεξετάζεσθαι.
935 1297 1086 1364 Reiskius
1122 1297 1312 1364 difficultate

177 1403 347 1483 perspecta
368 1398 557 1483 particulam
580 1393 663 1463 ὥστε
695 1419 751 1483 pro
775 1393 844 1480 ἅμα
868 1399 1028 1466 sententia
1057 1399 1211 1485 postulari
1235 1421 1313 1466 een-

178 1507 236 1582 set,
269 1501 455 1583 Kruegerus
479 1508 648 1586 praeterea
671 1500 814 1567 ’έναοίον
841 1496 956 1579 αὐτοῖς
977 1502 1181 1570 scribendum
1204 1505 1313 1587 suspi-

177 1609 275 1668 catur.
316 1603 358 1668 At
381 1596 450 1686 ἅμα
474 1611 558 1670 uerte
576 1605 750 1688 genuinum
767 1613 832 1684 est;
859 1605 945 1671 idem
967 1604 1090 1672 indieat
1110 1605 1199 1690 prius
1222 1607 1313 1671 colon

177 1704 332 1770 enuntiati
363 1707 559 1772 mmaautivi
595 1706 783 1774 desiderari.
845 1709 974 1792 Itaque,
1014 1707 1043 1774 si
1080 1707 1152 1791 quis
1188 1708 1313 1774 Reiskii

177 1814 209 1873 et
230 1808 388 1891 Kruegeri
414 1809 612 1876 eenieeturas
642 1812 811 1895 amplexus
835 1811 903 1890 erit,
938 1811 1056 1877 scribet
1085 1804 1191 1888 οὕτως
1214 1810 1314 1878 ἔναυ-

177 1912 236 1976 λον
259 1904 475 1977 ἀποδέδωκεν
496 1906 629 1998 (αὐτοῖς
652 1907 735 1978 ὥστε
759 1942 776 1970 a
791 1941 808 1972 a
823 1941 841 1972 a
863 1912 936 2002 καὶ)
965 1909 1035 1996 άμα
1064 1927 1135 1992 τοῖς
1167 1908 1313 2001 ἡδίστοις

176 2011 482 2102 παρεξετάζεσθαι.

720 2187 760 2250 V.

652 2307 832 2369 Appendtx.

263 2427 387 2509 Agmen
408 2422 559 2491 claudant
581 2424 609 2490 ei
634 2425 704 2506 loni,
730 2425 895 2508 inquibus
917 2445 1020 2508 neque
1034 2425 1184 2492 traditam
1200 2429 1312 2496 leutio-

176 2547 249 2593 nem
272 2546 381 2593 veram
405 2547 478 2593 esse
500 2527 599 2593 seiam
623 2533 655 2592 et
677 2535 761 2592 eerto
784 2527 861 2610 quid
884 2534 1023 2593 statuam
1047 2547 1109 2594 non
1133 2527 1281 2596 habeam.

262 2631 299 2694 P.
318 2634 424 2696 460rss
448 2628 584 2716 ἔγγιστα
608 2629 644 2694 δὲ
668 2624 770 2718 αὐτῆς
798 2632 853 2714 (su.
879 2637 937 2717 τῆς
960 2627 1016 2696 διὰ
1043 2638 1108 2698 τῶν
1130 2637 1255 2718 κυρίων
1277 2658 1311 2698 τε

176 2734 233 2798 καὶ
255 2741 376 2800 κοινῶν
402 2735 459 2798 καί
481 2732 518 2799 έν
539 2739 632 2818 μέσῳ
655 2738 820 2816 κειμένων
841 2726 1020 2816 ὀνομάτων
1042 2733 1249 2824 ἐκφερούσης
1272 2732 1313 2800 τά

174 2835 343 2919 νοούμενα
366 2838 487 2916 λέξεως
509 2858 542 2921 p.
562 2840 663 2920 tunm)
690 2834 774 2920 μετὰ
788 2842 929 2904 Λυσίαν
953 2833 1065 2924 ἥψατο
1082 2847 1148 2904 τῶν
1163 2845 1313 2926 πρεσβυ-

175 2946 283 3026 τέρων
305 2946 381 3018 νέος
411 2939 693 3024 ε’πακμάσαςῐ)
723 2937 933 3027 [ἐπασκήσας
956 2943 992 3025 R]
1019 2936 1212 3030 Ἰσοκράτης
1234 2944 1310 3009 ΓΜ.

175 3043 344 3110 Reiskium
377 3064 417 3109 ex
450 3045 581 3126 volgata
610 3043 747 3109 lectione
780 3044 859 3109 haee
889 3044 1089 3110 elicientem:
1131 3041 1243 3132 ἥψατο
1274 3043 1311 3110 τὸ

175 3153 242 3211 τῶν
264 3151 504 3233 πρεσβυτέρων
520 3145 603 3222 ’έδος
627 3143 822 3232 ἐπασκήσας
844 3146 971 3212 codices
993 3146 1153 3213 refellunt.
1193 3149 1313 3233 Taylo-

174 3269 231 3315 rns
253 3271 272 3315 e
294 3249 402 3316 audies
425 3250 694 3333 Cantabrigiensi
728 3270 790 3332 quo
813 3251 843 3316 ei
866 3250 912 3316 uti
934 3249 1035 3332 licuit,
1068 3252 1169 3316 loeum
1194 3251 1240 3317 ita
1261 3273 1313 3318 ra-

174 3353 290 3436 fingn't:
328 3359 394 3420 τῶν
423 3357 663 3440 πρεσβυτέρων
691 3358 781 3430 νέοις
812 3350 1029 3437 ἐπακμάσας,
1067 3355 1152 3420 hane
1183 3375 1311 3421 eausam

173 3455 316 3522 addens:
353 3457 409 3536 „ln
432 3456 514 3522 duas
537 3457 659 3523 classes
682 3457 845 3523 distribuit
867 3463 1009 3524 oratores
1025 3458 1165 3524 Graecos
1187 3459 1312 3544 Diony-

174 3558 261 3642 sius,
302 3565 337 3623 ut
365 3559 399 3624 in
429 3558 524 3625 huius
555 3560 660 3642 operis
691 3559 842 3626 exordio:
882 3555 1038 3625 Ἔσονται
1071 3597 1111 3608 -
1146 3559 1313 3648 Αἰσχίνης

177 3663 223 3745 (p.
243 3665 381 3745 tuis-s).
429 3663 517 3746 Lego
539 3662 665 3746 itaque:
701 3670 768 3728 των
790 3667 1031 3750 πρεσβυτέρων
1045 3669 1135 3740 νέοις
1158 3662 1313 3747 ἐπακμά-

172 3787 238 3842 σας
258 3759 461 3852 Ἰσοκράτης.
509 3767 569 3832 llle
596 3767 680 3834 enim
711 3767 794 3832 inter
823 3767 1019 3850 antiquiores
1048 3775 1143 3834 natus
1170 3767 1308 3853 (Olymp.

173 3869 247 3935 seil.
265 3869 474 3936 Lxxxvln.
505 3871 623 3955 Isyaiae
637 3872 721 3938 inter
736 3879 876 3938 aetatem
892 3879 924 3938 et
942 3873 1037 3958 lanea]
1058 3879 1219 3954 utrosque,
1245 3879 1310 3938 tam

171 3973 317 4057 Lysiam,
344 3993 440 4056 quam
463 3977 599 4058 Isaeum,
634 3975 773 4042 vivendo
795 3975 969 4060 superavit,
1007 3982 1039 4041 et
1064 3975 1177 4059 pannis
1198 3975 1312 4040 diebus

169 4084 246 4162 post
282 4077 436 4161 proelium
475 4076 518 4143 ad
552 4077 773 4146 Chaeroneam
810 4079 1013 4145 commissum
1053 4079 1148 4159 obiit,
1189 4079 1312 4147 decimo

246 4305 263 4366 ’ί
285 4299 454 4374 inermium·
472 4302 502 4368 F,
524 4317 585 4356 uum
605 4301 838 4374 Cantabrigiensi.
