3304 4928
324 407 366 474 96

760 449 802 458 -
849 411 944 494 [240]
993 448 1031 457 -

413 604 463 670 Ad
487 626 513 668 v.
538 605 617 670 814:

410 711 442 782 ¹S
466 733 489 778 s.
509 712 550 795 gl.
574 702 760 794 Ἐπιχειλές·
1170 713 1244 780 VO:

301 809 415 884 οὕτω
441 817 571 904 λέγεται
595 817 720 904 μέτρον
747 811 787 884 τό
811 811 854 908 μὴ
937 817 1097 903 ἐπιχειλὲς
1127 810 1190 906 γὰρ
1223 819 1346 904 μέτρον
1378 818 1474 903 λέγε-

322 931 459 1013 πλῆρες,
514 917 589 990 ἀλλ’
640 918 856 993 όπολειπό-
936 950 991 992 ται
1036 917 1076 992 τό
1121 916 1165 1013 μὴ
1211 930 1346 1013 πλῆρες,
1398 917 1476 990 ἀλλ’

322 1055 451 1116 μενον.
937 1027 1277 1120 ἅπομεσούμενσν.

323 1132 598 1224 α’πομεσσόμενον
608 1139 836 1206 Valckenarius
847 1143 872 1226 ¹)
887 1143 1025 1207 correxit
1039 1143 1072 1206 in
1086 1133 1381 1226 α’πομασσόμενον;
1396 1146 1476 1206 utra

322 1252 428 1312 autem
464 1249 624 1312 uariarum
659 1248 829 1313 lectionum
862 1269 1119 1334 synonymarum,
1152 1247 1353 1314 Valckenarii
1385 1239 1474 1312 όπο-

322 1351 534 1439 μασσόμενον
558 1353 714 1420 Suidaene
742 1347 1023 1441 ἀπολειπόμενον,
1049 1355 1137 1439 prior
1164 1353 1316 1420 fueritin
1341 1353 1475 1433 scholi0,

322 1463 354 1525 in
379 1461 477 1527 dubio
500 1468 649 1527 remanet.

412 1568 462 1633 Ad
489 1591 516 1634 v.
543 1568 627 1635 1185
658 1565 883 1655 ἐντερόνειαν·

918 1621 925 1635 .
955 1622 962 1634 .
992 1622 999 1635 .
1029 1621 1036 1635 .
1069 1569 1202 1651 βέλτιον
1232 1568 1282 1648 δὲ,
1310 1560 1371 1656 τὴν
1398 1575 1474 1634 τῶν

323 1673 498 1759 ἐγκοιλίων
522 1666 605 1762 ὕλην
629 1675 768 1762 (codices
790 1677 1016 1761 Aristophanei
1039 1668 1155 1764 ξυλὴν)
1180 1675 1288 1760 λέγειν
1311 1695 1349 1740 ex
1371 1675 1476 1742 Suida

323 1783 460 1848 correxit
482 1781 674 1848 Dindorfius.

411 1889 581 1956 Praeterea
603 1891 739 1956 minores
763 1892 1013 1976 discrepantiae„
1028 1913 1067 1956 ex
1090 1891 1204 1976 quibus
1223 1889 1343 1956 scholia
1361 1897 1475 1957 nostra

322 1997 439 2080 partim
461 1996 648 2082 amplificari
671 1999 802 2081 possint,
825 2000 1028 2084 reperiuntur
1049 2000 1134 2083 apud
1157 1997 1287 2063 Suidarn

357 2105 398 2168 ad
417 2126 444 2170 v,
459 2105 524 2170 254
548 2127 570 2170 ε.
590 2105 631 2190 gl.
654 2100 818 2192 Κυρήβια·

322 2211 446 2297 πίτυρα
495 2214 552 2277 καὶ
600 2218 671 2278 τῶν
721 2217 854 2298 κριθῶν

323 2309 651 2406 όποβρέγματα’,3)
679 2309 721 2384 τό
749 2313 854 2403 ἄχυρα

322 2416 342 2510 ἢ
364 2431 436 2490 τῶν
463 2429 629 2512 πυροῦνί)
665 2417 686 2512 ἢ
710 2421 796 2491 ’ένθα
821 2421 854 2490 αί

342 2527 533 2618 κάγχρυες
601 2529 831 2619 φρύγονται.*)

321 2634 512 2724 κόγχρυες
540 2638 577 2704 δέ
599 2638 683 2705 εἰσιν
707 2636 741 2705 αἱ
764 2631 853 2725 ἄλη-

321 2744 506 2830 λεσμέναι
529 2747 655 2832 κριθαί.

411 2853 461 2916 Ad
484 2875 511 2917 v.
536 2853 615 2918 257:

393 2941 414 3007 S
439 2964 461 3008 ε.
481 2942 521 3026 gl.
544 2945 779 3027 Συνωμοτιῦν·

322 3049 533 3133 ξυνωμοσίαν
604 3048 853 3136 πεποιημένων,

321 3154 489 3234 τουτέστι,
516 3157 643 3233 πίστεις
673 3147 714 3221 δι’
739 3148 870 3241 ὅρκων,

322 3257 489 3327 διδόντων
524 3257 655 3339 ἑαυτοῖς
687 3264 744 3327 καί
776 3281 851 3328 συν-

195 3424 197 3428 ,
321 3363 430 3454 θήκας
453 3365 539 3434 κατά
562 3391 685 3434 τινων
713 3393 851 3459 πεποιη-

320 3470 435 3539 κότων
468 3473 531 3540 ἐπὶ
561 3483 606 3559 τῇ
639 3472 852 3544 καταλύσει

320 3589 452 3646 τινῶν.

410 3689 460 3754 Ad
484 3711 511 3755 v.
536 3691 615 3756 291:

432 3795 453 3861 S
478 3818 500 3862 s.
523 3798 564 3881 gl.
592 3795 739 3881 Τέμνειν·

321 3954 328 3967 .
354 3955 361 3966 .
386 3955 392 3968 .
419 3895 647 3987 ,ὑποτέμνων
672 3904 707 3969 δὲ
731 3896 770 3970 τό
795 3909 851 3971 λυ·
891 3886 893 3895 ,

321 4005 410 4095 ξαίδη
431 4011 509 4095 (soil.
524 4016 698 4076 ποιεῖσθαι
716 4003 778 4098 τὴν
796 4034 852 4078 το-

319 4108 411 4203 μὴν),
432 4113 496 4181 ἵνα
510 4115 633 4201 παχέα
648 4120 850 4206 φαίνηται·

392 4329 413 4394 ²)
433 4330 495 4398 lege
514 4321 529 4398 ἢ
550 4325 585 4384 τὰ
603 4322 695 4400 ἄχυρα
713 4335 770 4385 τῶν
789 4335 894 4404 πυρῶν.

392 4400 412 4460 ⁸)
431 4401 505 4454 redit
523 4400 596 4470 apud
614 4401 748 4457 Photium.

391 4473 412 4538 ⁴)
431 4467 588 4540 α’λὴδονται
607 4473 633 4526 S.
652 4474 688 4541 gl.
711 4469 765 4537 Τὰς
783 4469 872 4538 ὁδοὺς.

394 4260 413 4316 ἰ
432 4259 468 4314 ad
487 4259 602 4341 Τόμους.
622 4259 754 4315 Αδοιιίιτ,
774 4277 819 4330 μς,
838 4261 898 4316 388.

1165 2103 1237 2170 VO:

934 2207 1084 2300 Κυρήβια
1117 2211 1155 2278 δέ
1186 2210 1248 2278 είσι
1274 2204 1317 2277 τὰ
1344 2214 1473 2298 πίτυρα

934 2321 991 2384 καὶ
1032 2313 1137 2404 ἄχυρα
1178 2326 1248 2383 τῶν
1289 2327 1410 2404 πυρῶν
1450 2313 1472 2407 ἢ

934 2432 1077 2511 κριθῶν.
1129 2421 1215 2491 ἔνθα
1253 2422 1287 2490 αί
1323 2423 1473 2510 κάχρυς

935 2529 1129 2619 φρύγονται.
1159 2527 1283 2617 κάχρυς
1316 2531 1353 2597 δέ
1383 2531 1471 2598 είοιν

936 2637 970 2705 αί
1015 2639 1294 2723 λελεπισμέναι
1339 2642 1472 2725 κριθαί,

935 2738 994 2829 ἀφ’
1017 2735 1068 2810 αίν
1090 2738 1111 2834 ἡ
1135 2741 1288 2832 πτισάνη.

934 3050 1146 3133 ξυνωμοσίαν
1170 3053 1239 3114 κτλ.

1352 3145 1470 3240 όρκων

934 3259 1102 3329 διδόντων
1126 3255 1239 3340 αὐτοῖς
1262 3262 1319 3326 καὶ
1341 3258 1470 3349 συνδή-

932 3393 993 3448 κας
1011 3363 1085 3435 κατ’
1104 3368 1198 3453 ἐμοῦ
1217 3363 1469 3455 πεποιηκότων.

934 3469 1065 3555 Ἄλλως·
1084 3477 1265 3564 προδοτῶν
1275 3481 1337 3540 τοῦ
1351 3471 1470 3561 δήμου,

932 3590 1003 3648 τῶν
1041 3579 1282 3668 συνομνύντων
1321 3579 1384 3646 ἐπὶ
1422 3589 1470 3666 τῇ

932 3689 1169 3775 καθαιρέσει
1190 3696 1263 3755 τοῦ
1288 3683 1420 3775 δήμου.

1167 3797 1237 3861 VO:

933 4061 940 4074 .
961 4061 968 4072 .
990 4060 996 4072 .
1017 4061 1023 4074 .
1045 4001 1128 4077 όταν
1149 4002 1212 4095 γὰρ
1231 4000 1469 4093 ὑποτέμνεται,

932 4112 1157 4204 παχύτερον
1192 4118 1391 4198 φαίνεται,
1430 4110 1469 4183 υί-
