3280 4934
610 477 651 486 -
700 438 795 522 [165]
841 479 884 488 —
1279 449 1318 514 τι

177 633 261 697 amia
288 636 423 714 utroque
448 633 602 699 cocubalo
629 637 843 699 transnatato
866 637 1075 704 Ambrosiam
1102 639 1321 722 discrepantia

172 738 308 819 prodiit.
357 738 437 804 Tum
460 737 630 806 Schneeius
658 740 790 824 prolatis
818 744 927 808 multis
951 744 1041 820 loeis,
1068 745 1181 828 quibus
1204 748 1249 810 M
1266 756 1322 814 aut
1404 753 1405 756 ’

163 867 247 911 ¹cum
267 845 307 910 ΒΘ
326 849 382 910 aut
401 867 471 910 cum
488 848 591 911 altero
609 847 752 912 codicum
775 869 889 936 genere
909 857 941 915 et
960 856 1095 916 maxime
1113 851 1184 916 cum
1202 853 1321 920 ΑΓΘΔ

178 955 360 1028 consentiat,
384 973 420 1018 eo
444 955 589 1036 peruenit
611 955 796 1031 sententiae,
819 962 855 1019 ut
877 957 917 1022 ad
941 955 1168 1040 perficiendum
1187 958 1320 1024 Ambro-

180 1060 301 1124 sianum
314 1081 377 1124 non
392 1081 487 1125 unum
509 1061 564 1126 sed
583 1061 662 1126 duos
681 1062 804 1128 codices
821 1070 990 1146 usurpatos
1009 1085 1077 1129 esse
1096 1071 1225 1141 statuat,
1244 1086 1319 1148 quo-

178 1187 246 1231 rum
270 1166 351 1232 aiter
372 1166 409 1243 R
437 1166 518 1232 alter
541 1166 730 1252 archetypus
754 1170 897 1235 codicum
920 1169 1040 1236 ΑΓΘΔ
1063 1170 1167 1236 firerit.

266 1327 370 1410 Atque
399 1335 434 1392 ut
456 1328 592 1411 primum
621 1350 701 1411 quae
725 1330 764 1395 de
793 1253 1097 1416 scripyt‘drdpdiszadcm
1121 1331 1321 1397 Ambrosiani

176 1434 310 1518 protulit
327 1435 378 1498 uir
396 1435 450 1500 ille
467 1435 578 1501 doctus
596 1435 748 1512 refellam,
766 1437 845 1579 qnid
859 1440 932 1579 guergi
951 1443 999 1503 cst
1017 1438 1208 1514 dissimilius,
1227 1461 1320 1523 quam

728 1544 772 1595 νυ
792 1543 829 1579 κα
875 1544 911 1595 er
927 1543 967 1579 τω

176 1596 316 1662 codicem
338 1598 372 1659 Γ
390 1595 554 1680 archetypi
577 1597 766 1681 scripturam
791 1592 921 1683 ionice
944 1599 1126 1676 retinuisse,
1149 1620 1219 1664 curn
1237 1598 1321 1666 hunc

176 1703 316 1768 codicem
337 1723 357 1768 a
380 1704 554 1770 recentiore
576 1704 646 1768 uiro
670 1711 703 1769 et
725 1705 822 1770 sciolo
840 1705 895 1770 illo
915 1706 1042 1789 quidem
1064 1711 1232 1772 tractatum
1253 1727 1320 1773 esse

177 1812 289 1877 doceat
303 1831 417 1894 magna
431 1810 487 1876 illa
501 1811 728 1878 correctionum
743 1812 835 1896 copia
848 1834 911 1896 qua
924 1814 952 1878 is
971 1814 1069 1880 codex
1087 1797 1234 1897 aspersus
1252 1816 1319 1880 est?

177 1917 308 1983 Accedit
330 1919 415 2003 quod
438 1939 475 1984 ca
503 1919 573 2004 ipsa
594 1918 693 1984 uerba
715 1921 748 1984 in
772 1918 878 1985 codice
902 1923 935 1984 Γ
954 1923 1168 2007 suprascripta
1189 1945 1238 2007 γρ.
1263 1923 1319 1986 καὶ

178 2022 311 2111 ἐρρέτω,
335 2047 404 2091 cum
428 2031 509 2092 teste
533 2025 666 2090 Volsone
689 2048 709 2090 a
731 2027 867 2092 secunda
889 2048 985 2092 manu
1007 2029 1094 2112 picta
1115 2029 1188 2105 sint,
1211 2029 1319 2112 genui-

176 2153 250 2197 nam
273 2132 435 2218 archetypi
462 2133 652 2217 scripturam
676 2134 802 2199 omnino
829 2155 891 2199 non
920 2140 1156 2219 repraesentare
1178 2143 1317 2219 possunt.

176 2238 276 2302 Immo
303 2261 365 2303 non
394 2241 509 2305 desunt
536 2240 679 2324 exempla
712 2239 826 2324 quibus
858 2248 1011 2325 appareat
1042 2263 1080 2306 ex
1111 2243 1180 2325 ipso
1212 2243 1318 2308 codice

175 2345 386 2412 Ambrosiano
410 2369 634 2432 nonnunquam
652 2346 791 2412 codicem
810 2350 843 2411 Γ
858 2352 1031 2414 correctum
1051 2348 1101 2414 uel
1120 2349 1319 2432 inquinatum

176 2475 254 2531 esse,
277 2453 376 2519 ueluti
399 2455 432 2518 in

267 2600 294 2643 v.
320 2579 383 2643 162
406 2573 578 2664 παράβαλε
602 2582 644 2644 M
661 2578 754 2653 solus,

347 2703 389 2756 γρ.
410 2679 576 2756 παράβαλλε
597 2683 655 2752 (sio)

407 2752 605 2841 concitatae
623 2761 654 2822 Γ
670 2755 821 2840 (secunda
840 2778 949 2822 manus
969 2759 1105 2823 correxit
1123 2754 1319 2842 παραβάλλου

173 2887 213 2930 ex
238 2868 437 2949 παραβαλοῦ
460 2870 493 2930 ot
516 2863 737 2949 superscripsit
759 2858 974 2950 παράβαλλε).

187 3108 188 3112 ,
266 3083 293 3126 v.
307 3061 373 3125 435
393 3008 610 3147 καταπρολξε1
622 3063 668 3139 M,
686 3061 761 3124 item
776 3081 870 3143 super
885 3081 913 3123 ει
930 3061 1048 3145 scripto
1062 3081 1082 3124 a
1096 3062 1265 3146 secundun
1279 3064 1317 3125 Γ.

265 3277 292 3322 v.
318 3256 381 3322 856
405 3189 680 3334 xedddndoevnsc
703 3260 748 3336 M,

407 3360 689 3450 καθαρπάσαντες
704 3385 782 3430 corr.
793 3365 930 3431 secunda
945 3387 984 3430 ex
996 3360 1271 3440 κατασπάσαντες
1281 3367 1317 3428 Γ.

266 3583 293 3625 v.
318 3561 381 3625 811
405 3507 691 3644 111νουμένουςΜ,

411 3687 431 3754 β

407 3755 637 3840 κινουμένους,
659 3761 680 3838 β
703 3757 811 3822 littera
833 3777 853 3821 a
874 3759 1013 3822 secunda
1038 3759 1073 3821 Γ.

364 3899 408 3952 γρ.
428 3869 511 3944 οὗτος

266 3993 293 4035 v.
321 3971 404 4035 1211
430 3961 531 4046 αὐτὸς
553 3973 598 4050 M,

365 4095 407 4147 a
428 4070 513 4167 αν
671 4140 681 4166 ,
710 4140 718 4162 .

430 4169 528 4224 ουτος
552 4147 614 4234 (γρ.
639 4170 740 4224 αυτος
762 4171 781 4214 a
805 4149 955 4230 secunda)
979 4151 1016 4212 Γ.

264 4269 387 4337 Eodem
409 4273 514 4338 nescio
537 4293 579 4336 an
601 4273 760 4356 pertineat
783 4272 878 4336 etiam

265 4397 291 4442 v.
308 4379 372 4444 289
392 4371 431 4443 τὸ
450 4384 574 4458 νῶτον,
592 4385 664 4464 post
681 4371 721 4442 τὸ
740 4399 853 4444 rasura
870 4377 976 4442 deleta
994 4385 1122 4444 estune
1140 4377 1256 4456 littera,
1275 4383 1318 4459 M,

403 4479 442 4552 τὸ
466 4491 588 4567 νῶτον,
611 4487 645 4551 in
668 4506 779 4551 rasura
800 4486 903 4573 pinxit
926 4477 965 4549 τό
989 4486 1127 4552 secunda
1148 4488 1187 4552 Γ.
