3262 4926
624 388 835 460 ..257-

162 576 304 642 referret.
330 575 454 640 Tamen
466 593 527 657 ego
539 594 611 640 cum
624 574 779 658 Briegero
798 574 965 658 (Philolog.
976 577 1097 658 XXIV,
1113 580 1186 660 449)
1202 576 1297 658 facio,

161 679 217 762 qui
229 679 312 744 bane
324 676 579 743 emendationem
592 676 711 742 refutat
721 677 847 744 duabus
859 679 1034 763 praecipue
1045 680 1152 746 causis
1162 699 1303 745 commo-

162 791 229 847 tus:
245 781 385 866 primum
402 781 450 846 eis
465 780 613 846 versibus
625 780 732 862 aliquo
747 781 842 847 modo
854 783 1031 862 obscurari,
1044 803 1107 866 quo
1118 783 1218 849 verba
1229 805 1302 848 nam

163 886 247 972 quod
267 886 300 950 in
316 888 379 950 532
403 885 598 969 pertineant;
624 883 751 964 deiude,
771 885 854 967 quod
870 886 950 950 mibi
969 885 1193 970 gravissimum
1210 886 1304 952 vide·

163 999 224 1072 tur,
250 989 337 1054 nullo
361 990 443 1066 loco,
469 988 523 1054 ubi
546 993 640 1070 poeta
662 987 760 1053 simili
782 987 876 1053 modo
891 1009 954 1071 quo
969 990 1003 1053 in
1020 992 1081 1054 528
1098 990 1140 1055 ad
1155 1010 1222 1055 rem
1237 990 1303 1056 iam

164 1093 331 1176 probatam
354 1091 525 1175 respiciat,
552 1099 587 1156 ut
609 1091 641 1172 Ι,
669 1094 743 1155 265.
769 1093 843 1155 429.
870 1095 944 1157 543.
971 1095 1045 1156 951.
1071 1093 1119 1174 Π,
1147 1096 1200 1157 94.
1226 1095 1300 1158 499.

168 1198 260 1259 tcto.
286 1193 345 1272 ΙΙΙ,
366 1196 418 1258 31.
444 1194 500 1271 IV,
519 1195 593 1258 861.
620 1194 658 1272 V,
679 1197 751 1257 772.
778 1194 833 1276 ΙΙΙ,
853 1196 927 1258 486.
950 1199 1041 1276 1099,
1068 1196 1214 1280 adiungi,
1240 1217 1304 1279 qua

165 1297 288 1362 ratione
310 1296 344 1360 id
366 1296 618 1362 demonstratum
642 1297 693 1363 sit.
740 1297 830 1362 Nihil
853 1297 950 1379 igitur
976 1307 1074 1364 restat
1095 1299 1166 1366 ¹uisi
1196 1305 1231 1364 ut
1252 1299 1304 1363 in-

165 1399 286 1464 siticios
309 1419 381 1464 esse
405 1399 463 1464 bos
487 1418 599 1465 versus
622 1407 783 1484 putemus.
804 1400 985 1485 .Adscripti
1007 1407 1113 1466 autem
1137 1409 1212 1466 sunt
1234 1401 1304 1467 sine

165 1502 262 1568 dubio
284 1523 304 1568 a
327 1503 445 1568 lectore
466 1503 524 1569 illo
546 1503 748 1588 philosopho,
768 1512 803 1569 nt
818 1505 870 1568 vel
884 1504 947 1569 sibi
962 1505 1013 1570 vel
1029 1505 1103 1569 aliis
1120 1506 1304 1570 memoriam

166 1605 234 1670 eius
258 1606 319 1671 loci
341 1605 583 1690 redintegraret,
610 1606 665 1671 nbi
688 1614 784 1690 poeta
806 1608 998 1692 probaverat
1020 1627 1178 1674 summam
1201 1617 1304 1674 mate-

167 1708 233 1774 riae
256 1708 413 1774 infinitum
437 1717 594 1775 constare.

252 1811 344 1889 Quod
378 1832 454 1877 vero
489 1812 659 1894 Briegerus
696 1823 804 1899 putat,
846 1834 917 1880 oum
955 1814 1003 1880 eis
1033 1814 1179 1880 versibus
1209 1835 1306 1897 argn-

167 1923 307 1980 1nenlum
341 1915 522 1995 inducatur,
563 1936 625 1999 quo
662 1916 820 1984 infinitam
857 1937 928 1984 esse
962 1937 1119 1983 summam
1152 1918 1305 1982 materiae

168 2026 262 2101 poeta
284 2018 559 2084 demonstraturus
583 2019 691 2098 fuerit,
718 2021 804 2102 quod
835 2028 942 2086 tamen
973 2020 1109 2086 sortasse
1131 2041 1306 2104 numquam

170 2120 326 2186 adfinem
349 2121 538 2205 perductum
561 2121 614 2204 sit,
642 2141 697 2188 eos
720 2142 783 2188 non
806 2123 901 2188 nimis
925 2123 1144 2188 intolerabiles
1167 2141 1250 2202 esse,
1277 2122 1307 2187 si

170 2243 296 2288 versum
318 2227 380 2288 952
404 2223 476 2288 libri
499 2224 593 2307 primi
617 2225 788 2309 excipiant,
815 2224 848 2290 id
871 2225 950 2290 mibi
972 2245 1036 2291 non
1059 2226 1176 2309 placet.
1223 2227 1307 2290 Nam

170 2345 272 2409 neque
295 2326 336 2390 ad
360 2345 427 2402 eas,
454 2345 536 2409 quae
559 2327 624 2392 iam
647 2328 767 2392 multae
789 2335 864 2393 sunt
885 2327 918 2391 in
935 2327 1076 2393 Lucretii
1099 2327 1305 2404 carminibus,

169 2429 376 2494 difficultates
398 2449 498 2495 novas
521 2430 566 2494 ita
581 2428 702 2496 addere
724 2429 774 2496 ias
797 2437 856 2510 est,
882 2437 918 2495 nt
936 2449 1036 2496 novas
1052 2438 1161 2514 partes
1177 2450 1198 2495 a
1214 2425 1319 2513 poeta'

169 2553 232 2598 ιιοιι
254 2533 417 2598 absolutae
434 2540 624 2614 statuamus,
644 2539 677 2600 et
693 2540 798 2618 potest
813 2542 918 2598 certus
934 2533 1062 2616 quidem
1079 2533 1167 2598 locus
1187 2534 1307 2612 afferri,

170 2637 224 2702 ubi
248 2643 343 2720 poeta
365 2635 407 2702 de
432 2636 559 2701 infinita
588 2636 722 2702 materia
750 2637 845 2710 dicit,
877 2637 910 2701 in
939 2636 1011 2702 libri
1039 2636 1133 2720 primi
1162 2637 1309 2702 versibus

175 2744 365 2802 tort-st.
413 2739 527 2820 Itaque
549 2759 609 2822 ego
632 2747 708 2823 puto
730 2738 773 2819 ΙΙ,
800 2742 960 2804 529-31
987 2739 1121 2805 iteratos
1144 2738 1246 2805 inisse
1269 2759 1310 2804 ex

172 2850 262 2926 parte
293 2863 401 2908 eorum
433 2862 602 2922 versuum,
634 2842 688 2924 qui
722 2850 795 2927 post
827 2846 908 2906 1013
939 2842 1179 2908 interciderunt.
1226 2843 1310 2907 Nam

173 2954 244 3030 post
267 2947 351 3010 bunc
374 2964 502 3010 versum
524 2946 671 3010 lacunam
694 2945 785 3011 hiare
808 2965 879 3010 cum
902 2944 1027 3030 pridem
1049 2945 1211 3029 cognitum
1228 2949 1307 3028 est¹)

172 3057 237 3114 tum
252 3048 452 3130 intellegitur
467 3067 508 3113 ex
524 3068 572 3128 eo,
591 3048 676 3130 quod
697 3048 836 3133 protasis
852 3067 1002 3114 versuum
1023 3051 1190 3113 1914-20
1205 3048 1308 3126 deest,

171 3152 260 3218 cuius
283 3152 337 3234 qui
361 3151 456 3216 fuerit
471 3171 595 3230 sensus,
622 3159 788 3235 praeterea
804 3172 844 3216 ex
859 3151 967 3217 verbis
984 3151 1113 3235 Epicuri
1129 3152 1216 3236 apud
1233 3151 1314 3215 Dio-

177 3328 381 3336 .—-—----—-·

243 3446 260 3506 ¹)
286 3446 358 3496 1912.
377 3447 406 3496 13
421 3444 531 3512 spurios
543 3458 605 3497 csse
617 3441 683 3496 mibi
698 3459 752 3496 non
765 3442 959 3510 persuadetur.
986 3441 1068 3505 Quod
1081 3441 1191 3509 quidem
1205 3439 1314 3495 Pollius

176 3529 275 3594 (annal.
290 3527 387 3598 philol.
402 3531 444 3592 93,
460 3529 519 3596 tos)
540 3527 694 3592 contendit,
716 3529 875 3582 Lucretium
890 3530 918 3582 in
932 3543 1026 3581 eorum
1040 3533 1185 3596 poetarum
1199 3542 1314 3580 numero

173 3630 244 3676 esse,
258 3615 306 3683 qui
319 3615 460 3685 dactylica
471 3614 557 3668 verba
570 3615 598 3669 in
610 3631 636 3666 ιιι
645 3614 778 3669 exeuntia
792 3615 847 3669 nou
859 3629 921 3668 cum
935 3613 1082 3668 vocalibus
1095 3613 1310 3675 committerent,

174 3715 262 3769 aeque
280 3700 393 3753 altorum
412 3717 501 3754 eorum
520 3700 641 3754 scribere
660 3701 794 3768 potuisse,
816 3699 886 3754 satis
905 3699 1042 3754 refutavit
1055 3698 1206 3754 blunroius.
1239 3697 1313 3753 Con-

173 3785 288 3841 ferendu
306 3794 372 3841 sunt
390 3786 607 3840 ianrtrnerubt'lem
620 3788 689 3839 ειιίιιι
703 3803 840 3840 rauranum
853 3785 900 3847 Vl,
917 3787 977 3838 485.
990 3785 1141 3854 puerulum
1153 3783 1251 3838 tatem
1264 3785 1313 3848 lv,

174 3877 232 3926 616.
254 3875 395 3946 sponqs'am
414 3875 498 3943 aprrat'
514 3873 565 3936 lv,
584 3875 644 3926 618.

243 3959 338 4029 Neque
357 3960 455 4016 divelli
474 3959 515 4014 illi
534 3975 633 4014 versus
654 3966 780 4028 possunt,
801 3964 832 4012 nt
851 3965 924 4012 recto
939 3959 1008 4014 dicit
1023 3958 1184 4026 Madvigius
1205 3962 1312 4028 (opusc.

175 4047 196 4110 Ι,
212 4050 281 4111 316).
321 4045 377 4101 Sed
398 4047 591 4101 Lachmannus
610 4046 728 4110 divellit,
750 4062 811 4100 eum
831 4045 960 4098 adnotet:
982 4044 1018 4098 »si
1032 4043 1237 4100 Lueretiusbio
1255 4044 1314 4098 dis-

174 4132 314 4186 iunctione
334 4149 401 4189 usus
419 4139 472 4198 est,
493 4133 548 4186 tria
566 4131 689 4187 membra
706 4138 794 4194 erant,
816 4137 866 4184 aut
884 4137 1034 4200 utrumque
1053 4137 1103 4185 aut
1120 4135 1248 4185 neutrum
1267 4139 1316 4186 aut

171 4212 337 4274 'alterutrum
356 4235 380 4274 e.
402 4233 428 4287 q.
450 4235 487 4272 su
523 4217 562 4274 At
581 4220 616 4273 de
635 4233 668 4272 ea
686 4218 868 4272 distinctione
883 4233 939 4271 non
958 4217 1059 4286 agitur,
1081 4218 1131 4271 sed
1149 4221 1198 4271 aut
1216 4233 1317 4286 corpus

175 4309 203 4356 et
216 4306 297 4360 inane
309 4305 426 4362 alternis
439 4306 513 4360 inter
526 4319 557 4359 se
569 4304 728 4368 terminant,
749 4311 798 4360 sut
810 4303 977 4358 alterutrum
990 4303 1026 4359 ab
1039 4304 1133 4358 altero
1141 4303 1316 4358 terminatur.
