3304 4928
613 478 653 488 -
702 441 798 524 [203]
846 479 886 488 -

362 634 446 698 Ret
469 633 504 700 S:
1003 635 1138 701 BOLA:

180 739 264 804 1073
286 748 455 824 χωροῦσιν
748 741 751 845 ff
789 735 970 827 xmpcdo',

180 847 264 910 1244
288 845 321 923 ἐς
353 839 433 924 τοὺς
462 841 706 923 Ἀσαναίωςτε
791 847 829 924 ἐς
856 839 932 924 soie
962 840 1171 925 Ἀσαναίως
1203 872 1238 912 τε
1267 849 1324 912 καὶ

287 955 344 1017 καὶ
366 947 382 1018 r‘
387 961 451 1037 μᾶς
584 986 590 998 ·
792 953 824 1030 ἐς
847 947 932 1040 ἡμᾶς
943 959 977 1040 ¹).

265 1059 398 1143 Propius
421 1061 558 1144 denique
580 1060 735 1126 accedunt
756 1063 798 1126 ad
822 1061 870 1124 R³⁸
893 1083 988 1143 quam
1011 1062 1053 1126 ad
1076 1061 1208 1126 alterius
1232 1061 1324 1126 fami·

175 1165 236 1230 liae
260 1167 433 1250 scripturas
455 1167 516 1232 hae
539 1169 687 1250 propriae
711 1167 829 1234 Suidac
852 1167 1001 1232 lectiones
1025 1168 1057 1230 in
1081 1188 1127 1232 vv.

369 1274 453 1338 Ret
476 1273 512 1340 S:
748 1297 750 1373 p
990 1273 1124 1340 BOLA:

196 1378 241 1442 45
264 1373 460 1464 xcpds'pcx'
485 1373 704 1512 όρθοστά-Ι
749 1394 751 1403 “

309 1485 417 1550 oras
749 1522 751 1539 ‹
791 1483 1165 1572 κιμμερικορθοστάδια,

263 1588 647 1677 κιμβεριυκορθοστάδια
664 1533 704 1660 Ri
750 1622 751 1665 1

173 1691 548 1788 461πω5εσθ’8’)ιΙ
790 1743 977 1832 mm„

262 1797 435 1870 παύσεσθ’
454 1807 482 1870 lt
533 1797 566 1912 i,

174 1910 240 1974 616
264 1906 435 1976 πλειόνων
459 1914 516 1977 καὶ
537 1911 662 2108 pepi-l

749 1988 752 2081 Ι

309 2037 400 2082 στων
424 2017 446 2083 S

263 2121 465 2189 πλειόνων
479 2115 663 2302 sculpet-I

310 2226 479 2311 §6²2va
695 2289 698 2296 ,

179 2339 263 2402 1004
286 2338 397 2421 θὶγειν
421 2337 442 2401 S
794 2322 923 2404 Ισίγειυ
945 2319 1035 2384 BLA

285 2450 387 2529 θιγῆν
411 2444 437 2507 R
458 2339 473 2512 i
749 2482 751 2548 p
796 2417 922 2509 iccyclv
946 2423 1017 2512 0⁴),

177 2551 263 2615 1243
286 2551 412 2616 καείσω
436 2551 520 2635 S³)1

286 2657 393 2722 καΐσω
418 2657 446 2722 R
509 2639 520 2720 i

790 2049 958 2138 μειζόνων
981 2055 1039 2118 καὶ
1060 2049 1242 2132 πλειόνων,

790 2587 847 2650 καὶ
870 2581 1008 2672 κινήσω.
1072 2591 1080 2604 “

703 2821 722 2896 ξ
749 2817 798 2881 16.

263 2924 375 2988 Restat
402 2930 439 2987 ut
467 2945 519 2988 cos
547 2921 706 3006 proferam
735 2923 820 2988 locos
847 2962 885 2970 —-
911 2929 943 2986 et
966 2929 1040 2987 suut
1068 2944 1144 2988 sane
1172 2923 1262 2988 multi
1291 2924 1323 2986 in

174 3029 352 3116 Lysistrata
371 3069 412 3078 —
432 3029 547 3114 quibus
567 3029 681 3094 Suidas
704 3031 866 3114 propriam
885 3031 1074 3112 scripturam
1098 3033 1324 3114 repraesentat.

175 3137 244 3214 Qua
268 3139 298 3200 in
323 3159 357 3201 re
380 3137 441 3203 hoc
463 3143 511 3202 est
533 3136 715 3212 tenendum,
742 3136 898 3220 quidquid
925 3137 1125 3220 propriarum
1153 3135 1324 3202 lectionum

175 3243 214 3307 iis
238 3243 422 3308 inueniatur
445 3243 529 3318 locis,
553 3243 667 3328 quibus
691 3239 843 3309 deficiunt
865 3243 989 3308 codices
1007 3241 1136 3321 BCLA,
1160 3244 1201 3307 ad
1225 3243 1325 3308 solum

174 3348 238 3412 Rem
265 3349 299 3412 id
331 3347 532 3414 referendum
564 3372 632 3416 esse
664 3351 800 3433 ideoque
828 3349 974 3416 subnasci
1008 3347 1252 3426 dubitationem,
1284 3372 1324 3414 an

174 3453 311 3520 leuiores
339 3455 516 3538 scripturae
545 3457 789 3539 discrepantiae,
821 3455 876 3520 ubi
910 3456 937 3520 R
965 3477 985 3520 a
1011 3477 1088 3521 uero
1119 3455 1325 3532 abemauerit,

175 3559 291 3624 Suidae
305 3583 375 3625 cum
391 3563 513 3646 integro
529 3563 673 3626 codicum
683 3561 801 3628 BOLA
815 3561 987 3646 archetypo
1002 3584 1181 3626 communes
1196 3561 1323 3627 fuerint.

264 3667 348 3731 Ante
376 3669 482 3733 omnia
508 3673 616 3733 autem
648 3670 727 3733 mire
760 3669 845 3754 apud
874 3668 1005 3734 Suidam
1033 3669 1163 3733 tractati
1196 3674 1270 3732 sunt
1301 3667 1323 3730 ii

175 3793 299 3848 uersus,
327 3773 381 3857 qui
408 3773 596 3840 Laconicam
623 3797 700 3858 prae
728 3798 761 3840 se
784 3776 892 3840 ferunt
919 3775 1104 3841 dialectum:
1138 3796 1211 3839 nam
1239 3773 1324 3856 quod

176 3879 318 3962 Erigerus
338 3880 377 3944 dc
396 3880 558 3946 codicibus
576 3882 635 3946 ΒΔ
654 3883 741 3958 dicit,
764 3882 866 3946 solere
885 3903 937 3946 eos
956 3903 1013 3965 pro
1032 3880 1196 3946 Laconicis
1215 3878 1325 3946 formis

177 3985 298 4050 Atticas
322 4008 507 4071 supponere,
530 3987 590 4052 hoc
613 3987 709 4053 etiam
732 3990 833 4073 magis
856 3989 993 4072 quadrat
1016 3988 1058 4054 ad
1077 3987 1217 4064 Suidam,
1239 3987 1325 4070 apud

249 4219 268 4282 ι)
287 4217 360 4272 unde
380 4235 410 4272 τε
431 4214 482 4285 κής
502 4213 574 4286 ημὰς
594 4216 686 4287 posuit
704 4217 859 4274 Brunckius
879 4217 1015 4286 probante
1029 4216 1178 4271 Diodorfio.

248 4305 268 4364 ’t
288 4305 328 4359 sic
350 4306 433 4360 etiam
453 4310 638 4376 Augustanus.

246 4395 268 4449 't
286 4398 370 4464 σιγῆν
389 4411 456 4449 corr.
476 4395 657 4461 Inucrnizius,
677 4395 797 4465 probant
816 4397 983 4458 Diodorfios
1001 4403 1029 4450 et
1046 4394 1175 4460 Engerus.

247 4484 267 4544 ⁴)
286 4479 394 4537 κάείσω
415 4485 539 4540 restituit
558 4485 712 4540 Brunckius
733 4499 768 4538 ex
789 4485 912 4548 Meumii
933 4484 1100 4548 coniectura.
