3268 4920
262 419 322 479 roo
693 454 736 464 -
785 417 868 498 [aaa]
916 453 959 462 -

259 603 351 688 dimi]
384 603 599 683 exordienda,
623 604 682 671 sed
710 603 757 670 ita
778 610 813 670 ut
843 605 966 678 ineerta
993 607 1073 670 imas
1099 609 1107 689 ξ
1110 608 1161 673 vel
1183 607 1246 691 ἑνί]
1272 608 1397 676 littera-

258 703 337 772 rum¹
350 707 488 794 vestigia
511 715 729 793 superessent.
769 707 959 774 Huiusmodi
981 715 1089 776 autem
1104 711 1230 778 lacunis
1245 733 1308 778 non
1324 733 1396 780 raro

258 811 379 894 aliquot
401 811 524 877 litteras
547 811 680 878 haustas
704 832 777 879 esse
796 812 829 877 in
845 811 954 879 codiee
969 813 1146 900 archetypo
1161 815 1255 882 dccet
1269 816 1391 897 Simon,

258 916 279 980 l.
305 914 328 979 l.
352 915 369 978 Ι
391 935 465 998 pag.
487 918 572 998 laq.
619 917 731 998 ltaque
759 915 892 982 alterius
921 917 1042 984 codicis
1063 938 1104 984 ex
1126 919 1199 1003 ipso
1220 920 1396 1006 archetypo

257 1016 411 1103 descripti
427 1017 607 1102 librarins1)
628 1019 790 1097 lacunam,
814 1039 900 1101 quae
915 1026 986 1087 erat
999 1020 1032 1086 in
1048 1021 1233 1108 archetypo,
1252 1022 1285 1088 in
1302 1044 1395 1089 suum

258 1141 383 1205 quoque
405 1120 520 1186 librum
544 1121 708 1188 transtulit
730 1121 841 1188 addita
863 1142 928 1188 uua
949 1144 1034 1205 quae
1050 1124 1093 1190 ad
1108 1125 1303 1210 explendum
1319 1146 1395 1192 sen-

259 1245 328 1290 sum
352 1225 535 1291 necessaria
558 1224 719 1291 videretur
742 1225 850 1292 littera
872 1249 905 1307 o;
940 1234 1051 1293 contra
1078 1229 1211 1296 alterius
1237 1229 1396 1296 eiusmodi

258 1327 378 1394 codicis
407 1327 558 1394 librarius
588 1328 736 1394 lacunam
766 1330 896 1414 explere
926 1329 1075 1397 studebat
1097 1332 1217 1399 additis
1238 1333 1396 1400 litteriso

258 1432 302 1510 iu,
326 1453 422 1516 quam
438 1452 547 1498 vocem
563 1433 767 1517 perspexisse
784 1432 845 1498 sibi
860 1432 1028 1500 videbatur
1043 1456 1083 1500 ex
1099 1435 1202 1519 iratus).
1243 1436 1397 1503 Similiter

258 1556 353 1620 quam
369 1535 440 1602 cod.
455 1536 475 1602 b
488 1557 535 1621 pr.
552 1558 594 1603 m.
612 1537 755 1622 praebet,
775 1536 869 1603 lectio
884 1537 1007 1601 docete
1023 1539 1179 1624 explicari
1194 1560 1291 1625 posse
1305 1539 1398 1608 vide-

259 1646 310 1705 tur
337 1637 389 1721 (ci.
419 1659 502 1722 quae
525 1640 565 1705 de
588 1639 668 1706 eod(
692 1639 712 1704 b
734 1639 903 1705 adnotavit
925 1641 1053 1726 Kayser·
1073 1663 1148 1728 pag.
1169 1643 1305 1726 XXVII,
1325 1646 1393 1726 24).

258 1741 446 1825 Legendum
469 1749 518 1808 eat
540 1742 638 1826 igitur
661 1743 729 1808 loeo
752 1742 825 1808 illo:
861 1744 1056 1836 docebimuaf
1080 1745 1269 1810 exordienda
1292 1755 1349 1812 eto.

346 1845 440 1911 Corn.
460 1846 485 1928 Ι,
504 1850 552 1926 to,
566 1851 616 1909 li.
657 1845 802 1910 Prr'ruum
819 1847 901 1910 cuim
914 1871 949 1911 re
964 1858 1098 1913 uenatu
1113 1850 1258 1914 debemus
1272 1852 1397 1934 operere

259 1957 317 2014 etc.
359 1951 408 2014 Ite
429 1955 562 2013 corruta
584 1947 714 2034 scripsit
729 1950 897 2035 Kayserus
924 1951 1063 2018 maxime
1086 1959 1213 2020 secutus
1233 1953 1353 2020 codicis
1375 1977 1397 2021 n

257 2051 426 2118 lectionem
452 2075 513 2138 ρον
541 2061 675 2118 νιοννοίο
705 2053 749 2136 (re
771 2062 904 2119 narrata
934 2055 1015 2120 dixit
1044 2055 1231 2123 Cornificius
1255 2059 1312 2140 ΙΙΙ,
1343 2063 1392 2142 10,

262 2159 337 2242 18).
374 2157 578 2240 Reliquorum
601 2155 744 2223 codicum
767 2157 921 2224 lectiones
944 2158 1005 2224 hae
1028 2166 1118 2225 sunt:
1154 2183 1215 2244 ρον
1235 2162 1397 2228 rwrratio-

258 2282 328 2323 uem
361 2259 454 2344 prim.
489 2259 577 2340 fam,
612 2259 628 2323 Ι
654 2281 696 2326 m.
729 2281 795 2345 pr.;
830 2283 892 2343 per
925 2263 1109 2327 ροννοείονιο
1141 2265 1245 2346 (crasa
1274 2265 1390 2350 littera]

258 2365 322 2441 a¹;
355 2371 431 2446 post
453 2363 667 2428 remotionem
689 2363 767 2429 sm.
794 2367 872 2442 see,
906 2365 992 2446 rl³v3
1026 2366 1239 2432 narrationem
1261 2373 1289 2446 t,
1317 2391 1396 2451 ρον-

258 2469 361 2530 orata'
378 2467 560 2532 corrutione
589 2471 646 2548 al,
679 2473 756 2532 tm.
782 2487 823 2550 s.,
859 2488 929 2550 co,
963 2475 1036 2535 tert.
1071 2469 1147 2536 fam.
1195 2470 1277 2536 Hinc
1307 2470 1398 2555 equi-

258 2568 331 2634 dem
354 2570 494 2637 maxime
517 2577 643 2637 secutus
666 2569 785 2637 codicis
801 2575 833 2637 a¹
857 2572 1027 2639 lectionem
1044 2596 1108 2658 ρον
1121 2573 1304 2639 narratione
1319 2595 1396 2642 eon-

258 2672 352 2739 eludo
383 2673 415 2738 in
439 2672 550 2741 codiee
573 2675 749 2760 archetypo
780 2675 900 2760 scripta
929 2675 1031 2743 fuisse
1060 2676 1157 2744 haec:
1186 2699 1247 2761 ρον
1272 2727 1392 2743 .....

258 2777 441 2842 narratione
463 2778 484 2842 i.
512 2799 541 2844 e.
566 2778 781 2862 praecedebat
804 2799 914 2844 vocem
938 2781 1121 2846 corrutione
1140 2781 1300 2847 ablativus
1322 2802 1397 2866 par-

260 2880 359 2966 ticipii
385 2880 472 2948 verbi
495 2881 631 2946 alicuius
662 2903 733 2948 oum
761 2905 821 2967 ρον
849 2884 1087 2968 praepositione
1113 2883 1280 2969 compositi
1309 2893 1342 2952 et
1362 2885 1397 2950 in

259 2984 330 3068 ipso
354 2984 463 3050 codiee
485 2985 659 3070 archetypo
682 2984 777 3051 foede
799 2985 947 3052 mutilati.
981 2987 1075 3054 lnde
1098 2989 1223 3072 primae
1255 2986 1397 3054 familiae

259 3086 373 3167 codd,
408 3093 442 3152 ut
470 3089 573 3154 solent
605 3091 611 3172 t
635 3089 657 3154 Ι.
683 3093 766 3173 quae
789 3109 889 3175 supra
909 3089 953 3155 ad
975 3091 1002 3172 I,
1022 3096 1051 3170 7,
1074 3094 1108 3156 tt
1135 3091 1394 3176 disputavimus),

259 3192 406 3257 lacunam
440 3191 598 3276 integram
630 3191 843 3259 exhibuerunt
871 3192 982 3260 addita
1011 3215 1075 3260 una
1104 3214 1186 3278 quae
1215 3195 1398 3261 necessaria

259 3293 419 3361 videretur
441 3294 548 3362 littera
569 3317 601 3360 m
624 3303 697 3381 post
711 3298 910 3378 auratiorem
938 3305 1048 3364 contra
1063 3297 1223 3366 secundae
1236 3304 1269 3364 et
1285 3298 1397 3364 tertiae

259 3398 401 3465 familiae
423 3399 515 3466 codd.
547 3399 687 3482 librarii,
721 3407 755 3465 ut
782 3401 892 3467 sensui
922 3401 1114 3483 sufficerent,
1142 3401 1197 3468 alii
1220 3401 1307 3468 aliud
1329 3423 1399 3469 mo-

258 3502 308 3568 liti
331 3511 421 3569 sunt:
454 3502 651 3589 scripserunt
680 3504 766 3572 enim
797 3505 913 3590 partim
941 3516 1015 3589 post
1041 3506 1255 3570 νοννοοίοηονο
1277 3513 1398 3574 mutato

254 3629 314 3690 ρον
343 3607 376 3671 in
402 3617 482 3691 post,
518 3607 636 3692 partim
666 3627 737 3673 euru
761 3608 909 3674 lacunam
933 3610 1064 3694 explere
1091 3615 1292 3691 conarentur,
1318 3632 1397 3692 pcr-

259 3717 350 3774 orutu
371 3711 563 3789 νιοννοιίοοο,
598 3711 684 3794 quod
707 3731 770 3776 non
794 3712 872 3777 satis
895 3712 1053 3795 quadrare
1076 3712 1117 3777 ad
1140 3731 1269 3778 sensum
1293 3713 1397 3778 mani-

259 3814 374 3880 festum
399 3821 458 3880 est.
506 3814 625 3880 Contra
648 3813 744 3881 verba
761 3837 821 3898 ρον
844 3815 1058 3880 rturruticucm
1079 3817 1143 3896 vel,
1178 3814 1260 3898 quod
1285 3816 1317 3880 in
1341 3815 1398 3880 de-

258 3919 426 3984 terioribus
460 3918 549 3984 libris
584 3919 721 4002 legitur,
753 3925 908 4002 pcc-oratu
940 3919 1121 3984 οονναιίονιο
1153 3918 1291 3985 delenda
1325 3938 1398 3985 osse

260 4029 371 4089 censet
394 4023 506 4089 Petrus
529 4023 664 4107 Langen
686 4023 720 4088 in
743 4021 903 4105 Philologi
926 4021 987 4088 vol.
1007 4023 1150 4089 XXXVI
1171 4043 1246 4107 pag.
1267 4025 1340 4088 583.

346 4126 426 4192 (lum
449 4146 524 4192 vero
554 4127 617 4192 alio
647 4127 716 4192 loeo
739 4126 800 4205 ΙΙΙ,
824 4129 914 4206 7,13
945 4126 1133 4193 Cornificius
1161 4125 1272 4192 eodem
1302 4145 1396 4192 sensu

331 4349 347 4403 ΙΙ
370 4347 412 4404 De
431 4349 473 4406 hia
492 4348 575 4406 robus
593 4348 629 4406 οΙ.
651 4349 754 4416 Simon,
775 4350 793 4404 Ι.
814 4350 831 4404 l.
854 4349 866 4404 l
886 4365 948 4420 pag.
966 4352 980 4400 Ι
995 4363 1055 4419 sqq.
