3304 4928
620 457 665 468 -
710 415 800 507 pse]
849 457 877 467 -
1288 419 1332 484 45

184 613 332 700 μασμένμ
352 620 451 698 φωνῇ
470 621 502 680 et
521 613 686 680 confirmat
705 614 840 697 denique
860 611 974 678 Suidas
993 613 1077 696 apud
1097 635 1190 696 quem
1208 616 1333 698 longior

185 722 240 786 illa
267 721 466 806 grammatici
490 721 654 786 adnotatio
678 742 741 784 non
766 725 866 796 extat,
894 720 949 784 sed
973 720 1040 786 sola
1062 720 1162 785 uerba
1183 727 1225 803 τῇ
1247 727 1331 786 9ου-

184 835 290 911 μαστῇ
314 835 413 912 φωνῇ
437 828 493 892 καὶ
517 826 779 911 ύεύοκιμασμένῃ
803 849 825 892 s.
845 829 885 911 gl.
909 820 1033 910 Ἄροενι
1056 826 1212 910 leguntur.
1254 828 1331 892 Pro-

184 933 372 1000 babiliorem
405 935 502 1019 igitur
530 935 741 999 coniecturam
774 934 908 1016 protulit
935 932 1148 1012 Meinelrius1)
1182 935 1331 1017 δοκίμων

184 1040 225 1104 ad
249 1031 366 1124 ύμνων
389 1039 597 1106 referendum.

272 1169 299 1212 v.
323 1147 384 1211 139
409 1167 466 1230 pro
491 1139 533 1211 ού
556 1142 729 1230 ξύμφορον
753 1145 922 1238 ἰοβοίύοο
946 1146 1107 1212 codicibus
1128 1146 1209 1210 ABE
1228 1139 1330 1230 ἀξύμ-

183 1275 294 1338 φορον
316 1254 447 1336 legitur‚
475 1253 507 1317 in
531 1252 693 1318 codicibus
712 1251 766 1317 Vc
794 1246 977 1336 ξύμφορον,
1005 1253 1088 1336 quod
1111 1274 1168 1335 per
1191 1273 1331 1319 errorem

182 1355 258 1443 pro⁸
278 1351 474 1444 ἀξύμφορον
512 1360 663 1442 scriptum
701 1365 763 1436 est;
800 1365 885 1423 recte
922 1365 1029 1426 autem
1060 1359 1193 1424 Bothius
1231 1351 1329 1445 ἀξύμ-

183 1466 329 1551 φορον’)
366 1464 529 1532 uidebitur
569 1466 737 1548 recepisse,
781 1467 807 1530 si
844 1466 1075 1548 comparaueris
1114 1465 1195 1532 Nub.
1236 1466 1330 1542 1371,

183 1572 237 1636 ubi
262 1573 397 1641 eundem
420 1571 609 1657 Aeschylum
632 1573 746 1636 irridet
755 1572 782 1658 ³)
807 1572 1035 1655 Aristophanes
1058 1579 1153 1655 atque
1177 1555 1329 1638 hocloco

182 1684 216 1743 et
238 1684 368 1761 propter
391 1679 544 1761 grandem
567 1683 600 1743 et
622 1699 769 1744 sonoram
791 1680 965 1743 orationem
983 1674 1101 1760 φύφου
1118 1677 1234 1744 πλέων
1254 1671 1328 1760 ἀξύ-

183 1773 307 1849 στατον
335 1785 483 1868 appellat
533 1785 663 1849 Incaute
692 1805 767 1849 uero
795 1783 1001 1861 Fritzschius‚
1029 1789 1065 1848 ut
1091 1805 1201 1850 uocem
1229 1777 1329 1870 ύξύμ-
1397 1780 1399 1784 ’

143 1901 147 1904 ’
183 1913 293 1974 φορον
320 1891 467 1967 micaret,
495 1890 659 1974 Sophoclis
688 1890 723 1956 Ο.
743 1891 776 1954 Τ.
800 1890 865 1954 439
894 1889 1000 1966 affert,
1033 1890 1088 1954 ubi
1116 1897 1201 1955 recte
1229 1893 1328 1956 codex

182 1995 413 2062 Laurentianus
446 1999 584 2080 optimae
615 2003 709 2061 notae
741 1988 804 2061 κού
833 2003 922 2082 σαφῆ
950 1998 1103 2080 suggerit,
1135 2017 1204 2062 cum
1231 1997 1327 2081 uulgo

181 2102 305 2186 legatur
323 2094 467 2189 κύσαφῆ.
507 2103 567 2168 Hic
590 2104 673 2168 enim
696 2103 781 2168 locus
803 2103 843 2166 ad
867 2107 1009 2166 nostrum
1032 2102 1159 2167 minime
1179 2103 1327 2186 quadram

181 2229 255 2274 uam
273 2231 345 2273 cum
368 2209 413 2272 ibi
437 2210 598 2275 sollemnis
617 2211 659 2274 sit
680 2210 765 2292 apud
788 2209 925 2291 tragicos
944 2209 1079 2272 duorum
1097 2209 1327 2274 adiectiuorum

181 2315 266 2380 idem
288 2314 533 2398 significantium
557 2315 725 2399 copulatio,
748 2314 900 2380 hocloco
923 2314 987 2378 tale
1010 2315 1179 2396 quicquam
1200 2317 1326 2380 omnino

181 2441 242 2485 non
267 2423 433 2505 reperitur.
538 2413 542 2421 ¹
605 2498 608 2506 ,

271 2528 360 2605 Quod
389 2528 430 2594 ad
459 2549 484 2591 v.
508 2528 627 2593 162111
650 2529 768 2594 scholio
791 2528 839 2592 R¹³
858 2527 1045 2594 adnotatum
1068 2532 1116 2591 est
1138 2526 1327 2610 scripturam

186 2627 310 2718 Ἀχαιός
332 2626 374 2699 τὰ
397 2631 604 2719 παλαιότερα
623 2628 813 2719 ἀντίγραφα
836 2633 981 2698 habuisse
1000 2639 1033 2698 et
1055 2632 1096 2697 sb
1115 2634 1328 2716 Aristophane

181 2741 335 2824 Byzantio
362 2742 394 2806 in
423 2733 455 2804 κ’
475 2733 621 2818 Ἀλκαῖος
648 2747 803 2806 mutatam
830 2761 912 2816 esse,
940 2740 973 2804 id
1001 2737 1114 2804 Suidas
1142 2761 1205 2804 non
1228 2741 1326 2805 nouit.

180 2846 268 2912 Inter
295 2849 492 2913 coniecturas
519 2855 625 2912 sutem
654 2849 695 2912 ad
723 2845 898 2912 sanandum
920 2846 1004 2910 hunc
1027 2845 1128 2910 locum
1150 2845 1290 2930 prolatas
1299 2833 1326 2929 ⁴)

181 2953 367 3038 Meinokii⁵)
386 2953 594 3038 praeferenda
615 2954 751 3030 uidetur,
775 2954 829 3034 qni
848 2975 984 3036 καχαιος
1003 2951 1093 3016 facile
1113 2972 1151 3016 ex
1169 2957 1327 3030 καιλασος

181 3060 200 3122 i.
214 3081 240 3123 e.
259 3061 315 3124 καὶ
330 3062 442 3136 Λᾶσος
460 3061 549 3143 gigni
566 3061 706 3145 potuisse
725 3061 902 3141 suspicatur
920 3040 1035 3122 collato
1050 3059 1142 3141 Vcsp.
1158 3059 1253 3136 1410,
1271 3059 1326 3124 ubi

181 3165 296 3231 Lasum
323 3171 546 3232 commemorat
574 3172 606 3230 ot
629 3189 700 3230 cum
723 3165 884 3230 Simonide
907 3165 1068 3247 componit
1091 3164 1326 3249 Aristophanes.

269 3271 304 3336 ln
328 3272 438 3338 eodem
462 3293 557 3336 uersu
581 3267 738 3354 ἐχύμισαν
760 3291 818 3353 pro
843 3265 1008 3356 ἐχύμηοον
1032 3271 1105 3336 inde
1123 3271 1164 3336 ab
1188 3273 1326 3338 editione

181 3377 306 3442 Aemilii
334 3379 423 3443 Porti
453 3399 490 3441 ox
519 3377 618 3443 Suida
645 3376 853 3459 Aristophani
880 3377 1063 3442 restitutum
1092 3384 1153 3454 est;
1181 3380 1326 3462 idemque

179 3467 315 3550 correxit
342 3485 382 3550 M.
407 3483 600 3549 Schmidtius
627 3483 713 3566 apud
736 3482 942 3566 Hesychium:
970 3479 1139 3566 ἐχύμισαν·
1167 3477 1324 3570 ἤρτυσαν.

252 3749 270 3812 ¹)
288 3748 387 3803 vindo.
408 3747 549 3816 Aristoph.
569 3765 614 3818 pg.
635 3748 694 3802 147.

250 3835 271 3900 ⁹)
289 3831 454 3907 ἀξύμφορος
468 3835 676 3905 legiturEurip.
688 3835 786 3891 Trocd.
798 3835 858 3902 491,
873 3835 995 3908 Thucyd.
1011 3839 1081 3904 132,
1101 3839 1128 3892 11
1142 3840 1185 3906 91,
1205 3841 1271 3895 Vlll
1281 3841 1324 3906 50,

178 3922 246 3978 alibi
265 3927 351 3993 apud,
372 3926 592 3994 Xenophontem,
612 3924 762 3990 Platonem,
782 3926 949 3981 Aeschinem
969 3926 1098 3981 similiter
1112 3927 1246 3983 formatae
1261 3936 1325 3983 sunt

178 4006 340 4077 ύσύντονος,
357 4009 527 4084 ἀσύμβολος,
543 4009 736 4081 ἀούμπλοκος,
752 4009 917 4078 ἀσύστολος,
934 4011 1143 4086 ύσννείσφορος
1157 4017 1213 4071 sliu
1228 4018 1322 4072 multe.

250 4101 269 4163 5't
293 4103 363 4155 Nam
394 4103 444 4156 hoc
474 4101 532 4156 loeo
562 4111 657 4157 contre
686 4103 874 4158 Hermcncum
897 4103 1006 4172 (Opuse.
1026 4104 1050 4158 V
1072 4105 1118 4165 14,
1145 4107 1186 4170 15)
1211 4112 1323 4159 etcum

179 4187 332 4244 Fritzschio
359 4190 510 4259 longiorem
540 4207 599 4246 esse
624 4192 756 4262 Aeschyli
785 4193 927 4261 perediam
954 4191 1109 4246 existimem
1133 4200 1162 4246 et
1189 4210 1239 4263 per
1262 4199 1324 4248 octo

178 4291 273 4330 uersus
292 4279 413 4334 extendi.
1088 4337 1095 4348 ,

248 4365 269 4427 ⁴)
286 4361 328 4435 χὼ
351 4368 435 4430 Κεῖος
454 4367 631 4432 Fritzschius,
651 4360 768 4436 ἁρχαῖος
787 4369 960 4422 Hermcnnus
981 4367 1113 4436 probante
1133 4369 1251 4438 Engerc.

132 4529 135 4536 ,
249 4453 269 4520 ὅ)
288 4455 388 4509 Vindd.
409 4455 550 4525 Aristoph.
569 4473 613 4524 pg.
634 4456 694 4509 149.
