3304 4928
346 429 388 494 64
781 467 824 477 -
860 431 966 512 [sos]
1015 468 1053 479 -

346 623 392 704 dh,
420 625 503 708 quod
531 625 615 708 apud
643 624 775 689 Suidam
802 624 906 708 ipsum
933 625 1133 689 decurtatum
1159 625 1278 706 legitur
1303 625 1394 708 χαΐα,
1418 617 1496 690 άντὶ

345 722 471 818 άγαθὴ;
494 736 562 794 tum
581 729 697 796 Suidas
720 752 778 796 sua
800 737 912 816 sponte
931 731 1058 796 addidit
1077 729 1177 810 ἐστὶν,
1195 737 1232 796 ut
1251 733 1406 815 integram
1426 731 1495 796 effi-

347 844 433 903 ceret
456 839 657 908 sententiam.

433 944 471 1008 In
493 965 520 1007 v.
551 944 612 1010 109
638 935 894 1008 ὀκταδάκτυλοι)
923 943 1056 1008 tonnam
1079 965 1150 1009 eum
1178 943 1277 1010 Snida
1305 945 1495 1010 Phanorinus

344 1057 467 1128 tuetur,
502 1050 666 1116 Bentleius
699 1050 901 1133 Aristophani
937 1051 1114 1114 uindicauit
1145 1051 1357 1134 probauitqne
1392 1051 1495 1115 Brun-

344 1157 446 1232 ckius3
473 1157 641 1222 Elmsleius
664 1178 741 1222 uero
769 1157 809 1221 ad
834 1156 996 1239 Euripidis
1020 1156 1163 1222 Medeam
1188 1157 1305 1244 (1150)
1336 1181 1405 1241 pag.
1428 1159 1493 1223 250

345 1269 377 1327 et
400 1263 577 1328 Lohookius
600 1263 641 1328 ad
661 1261 875 1348 Phrynichum
898 1283 969 1346 pag.
988 1263 1054 1328 415
1074 1255 1338 1328 ὀκτωδάκτυλον
1361 1264 1493 1330 formam

344 1370 584 1452 praeferendam
607 1391 676 1435 esse
699 1371 767 1434 iure
790 1377 989 1436 monuerunt.
1031 1369 1068 1434 In
1092 1371 1203 1434 v.‘113
1228 1370 1344 1436 Suidae
1366 1362 1452 1454 χρεῖ’
1474 1359 1492 1454 ᾗ

345 1477 386 1541 ad
406 1498 512 1542 ueram
532 1478 719 1560 scripturam
738 1477 840 1562 χρείη,
863 1499 956 1561 quam
975 1477 1116 1542 restituit
1136 1477 1297 1542 Dawesius
1307 1479 1342 1562 ¹),
1365 1479 1493 1561 propius

344 1583 468 1647 accedit
490 1603 585 1664 quam
607 1575 668 1669 χρὴ
692 1575 712 1669 ἢ
737 1581 799 1646 Rs.

434 1688 470 1752 Iu
495 1709 520 1752 v.
540 1688 604 1752 229
625 1681 757 1752 άντινιῦ
776 1690 891 1754 codicis
912 1693 939 1752 A
958 1689 1084 1766 Suidae‚
1103 1689 1188 1774 quod
1207 1690 1289 1754 idem
1309 1669 1377 1754 sirie
1395 1689 1492 1754 dubio

344 1795 423 1858 latet
450 1797 481 1857 in
507 1788 616 1859 άτενιῦ
640 1796 781 1860 codicum
805 1795 902 1872 VBE,
926 1797 980 1859 uix
1003 1795 1246 1879 praeferendum
1274 1802 1322 1861 est
1344 1795 1392 1860 us
1414 1788 1492 1860 άνα-

302 1889 305 1894 ’
344 1907 440 1965 τενῶ.
487 1901 651 1966 Eiusmodi
675 1902 759 1966 enim
782 1901 901 1966 formae
925 1909 1114 1986 syncopatae
1139 1925 1201 1966 non
1221 1910 1389 1969 occurrunt
1407 1905 1490 1986 apud

346 2007 588 2090 Aristophanem
613 2008 673 2072 nisi
699 2008 833 2073 dcharn.
858 2009 922 2072 700
947 2001 1114 2088 ἄντεινον,
1144 2010 1207 2074 796
1232 2003 1492 2094 άμπεπαρμίνον

345 2121 377 2178 et
400 2113 530 2196 Lysistr.
558 2114 619 2178 106
639 2106 862 2197 άμπτάμενος,
885 2114 941 2178 ubi
966 2115 1101 2180 comicus
1125 2117 1260 2181 dialecto
1280 2118 1396 2182 Dorica
1418 2139 1492 2182 usus

345 2228 402 2296 ost,
420 2219 497 2285 nan.
520 2221 619 2285 1477:
643 2220 693 2298 τίς
711 2215 814 2299 older,
834 2219 862 2284 εί
880 2212 920 2285 τά
940 2225 999 2307 ζῆν
1017 2221 1078 2305 μέν
1098 2219 1167 2286 ἐστι
1186 2229 1381 2302 κατθανεῖν,
1400 2245 1491 2306 qoem

345 2347 470 2391 uersum
493 2328 645 2409 parodiae
670 2347 766 2390 causa
783 2330 918 2392 comicus
938 2350 976 2392 ex
995 2327 1158 2412 Euripidis
1176 2329 1308 2414 Polyido
1331 2335 1492 2394 mutuatus

345 2441 401 2510 est,
425 2433 495 2498 Pac
518 2456 545 2498 r.
573 2434 655 2498 1299
681 2429 862 2511 κάλλιπον,
884 2435 940 2516 qui
963 2441 1144 2500 σεθυυντυρ
1167 2435 1348 2500 Archilochi
1372 2435 1492 2520 (Bergk

344 2539 435 2624 frgm.
459 2541 509 2626 6);
536 2541 636 2623 [apud
661 2539 895 2617 Pherecratem,
924 2540 986 2606 fab.
1010 2540 1119 2606 incert.
1143 2541 1254 2625 fragm.
1278 2542 1369 2606 XXII
1393 2543 1490 2626 (apud

346 2646 536 2712 Meinekium
571 2645 617 2722 ΙΙ,
645 2645 738 2727 347),
773 2647 891 2730 legitur
923 2640 1065 2730 άγχασκε
1085 2673 1093 2712 :
1113 2641 1190 2713 άντὶ
1220 2655 1283 2712 τοῦ
1315 2640 1490 2732 άνάχασκε.

345 2743 436 2818 οὕτω
460 2748 669 2838 Φερεκράτης
678 2753 705 2837 ²)
729 2755 816 2817 οίάιι
837 2753 996 2836 Amipsiae
1016 2753 1156 2820 Moschis
1179 2757 1279 2838 (opud
1299 2754 1490 2820 Meinekium

345 2858 385 2936 ΙΙ,
410 2860 488 2943 706)
513 2849 717 2944 supputata]

433 2965 589 3030 Versuum
621 2965 686 3029 264
719 2964 784 3030 265
822 2964 936 3030 Suidas
968 2989 990 3031 s.
1019 2966 1060 3050 gl.
1093 2969 1253 3034 Πακτοῦν
1288 2989 1349 3032 non
1381 2968 1492 3033 laudat

343 3071 404 3136 nisi
424 3071 503 3136 haec
520 3069 619 3136 uerba
633 3070 866 3154 Aristophaneo
883 3077 1034 3156 μοχλοῖσι
1053 3065 1095 3138 τά
1114 3070 1308 3160 προπύλαια
1326 3082 1492 3153 πακτοῦν,

344 3199 420 3259 quo,
442 3177 496 3259 qui
520 3176 637 3241 Suidae
660 3179 790 3242 nimium
814 3178 937 3243 tribuat
960 3181 1173 3257 auctoritatis,
1198 3179 1376 3246 confirmari
1399 3180 1492 3246 facilc

343 3289 434 3366 putet
457 3283 668 3348 coniecturam
692 3281 833 3367 Remigii,
856 3285 910 3368 qui
933 3305 991 3368 pro
1010 3292 1182 3370 μοχλοῖσιν
1202 3286 1238 3351 dh
1257 3289 1311 3352 καί
1331 3284 1491 3372 κλῄθροι-

344 3407 397 3454 σιν
421 3389 469 3452 R¹¹³
490 3387 584 3453 scribi
609 3388 711 3454 uoluit
734 3385 911 3476 κλῄθροισι
935 3384 969 3456 d'
993 3380 1030 3456 εὖ
1053 3394 1110 3456 καὶ
1132 3397 1290 3476 μοχλοῖσι.

432 3494 470 3558 In
492 3517 519 3559 v.
544 3496 609 3560 840
632 3496 717 3579 quod
744 3496 856 3560 ultima
883 3497 983 3562 uerba
1005 3499 1061 3562 καί
1089 3503 1200 3580 φιλεῖν
1224 3501 1280 3564 καὶ
1307 3492 1351 3584 μὴ
1380 3505 1491 3582 φιλεῖν

343 3602 429 3684 apud
447 3599 578 3666 Suidam
600 3623 664 3666 non
687 3602 836 3686 leguntur
854 3641 897 3652 —-
916 3605 1056 3670 citantur
1074 3612 1181 3670 autom
1199 3607 1341 3671 continui
1358 3627 1405 3670 vr.
1426 3608 1490 3671 s39

347 3709 411 3774 840
435 3707 494 3772 841
533 3747 573 3755 -
607 3708 667 3773 hoc
693 3710 772 3774 mire
800 3711 958 3776 consentit
984 3733 1054 3777 cum
1083 3711 1203 3776 scholio
1230 3712 1305 3776 huic
1337 3714 1406 3778 loco
1435 3713 1491 3778 nd·

209 3867 212 3874 .
344 3815 465 3880 iuncto:
502 3815 786 3899 παραλογίζεσθαι
821 3818 879 3881 καί
910 3809 951 3882 τὰ
983 3813 1117 3895 τούτοις
1149 3817 1490 3905 ίπακολουθοῦνταθ)

342 3913 431 4007 πλὴν
455 3910 504 3986 ὧν
525 3917 794 4005 συνοομυσάμεθα
817 3915 860 4009 μὴ
883 3925 1044 4003 ποιεῑνί),
1067 3924 1220 3990 τουτέστι
1244 3922 1491 4006 συνουσιάζεινς

342 4033 476 4110 apparet
503 4029 586 4091 enim
619 4049 696 4091 uoce
728 4031 1012 4113 παραλογίζεσθαι
1045 4031 1196 4114 explicari
1230 4028 1491 4117 ἐξηπερυπεύειν

417 4207 435 4264 ¹)
454 4202 575 4256 Miscett.
594 4203 656 4260 crit.
675 4221 719 4272 pg.
741 4205 801 4259 271.

415 4293 435 4352 ²)
454 4291 573 4345 Bekker.
603 4293 746 4347 Anecdota
765 4310 809 4362 ορ,
829 4293 890 4358 340,
910 4295 953 4347 22.

415 4378 435 4442 ³)
456 4381 504 4432 καί
523 4374 558 4432 τὰ
576 4374 681 4448 ταύτην
699 4383 978 4449 παρακολουθοῦντα
997 4383 1081 4438 schol.
1101 4383 1154 4459 Ris-

415 4466 437 4530 ⁴)
457 4463 503 4520 ἐπὶ
524 4471 572 4534 τῆς
590 4463 705 4532 κύλικος
723 4469 848 4522 additum
867 4475 911 4522 est
929 4473 1003 4536 apud
1022 4471 1141 4528 Suidam.
