3262 4926
640 399 854 458 ..67-

264 582 345 649 lbid.
372 587 452 649 653:
477 585 561 668 qaod
582 587 656 650 bene
675 585 872 669 propositum
894 586 925 650 si
945 596 1138 654 contueare.
1160 640 1181 670 .,
1206 591 1324 656 mirari

177 687 277 751 malta
298 687 470 772 relinquas.
1020 745 1026 754 .

262 789 379 856 Nullus
402 789 514 856 horum
537 791 677 858 locorum
700 792 842 858 omniurn
865 794 1008 859 exomni
1024 803 1116 878 parte
1132 815 1205 862 cum
1220 815 1260 862 ao
1274 796 1316 862 de

177 914 240 975 quo
262 893 388 977 agimus
413 893 549 960 conferri
573 901 689 978 potest.
737 895 836 961 Cuius
859 898 1038 962 sententiae
1059 918 1145 980 quaa
1168 907 1245 982 apta
1267 906 1317 965 est

176 997 291 1068 torma.
318 1017 389 1063 cam
412 996 568 1082 praebent
596 996 631 1062 in
653 997 735 1064 libro
763 999 873 1081 quinto
899 1017 1012 1068 versus
1045 1003 1104 1066 134
1120 1005 1210 1067 -6:
1242 1002 1319 1086 qnid

177 1099 207 1162 ai
227 1106 371 1183 posset
394 1099 501 1163 mene?
531 1100 628 1164 multo
652 1100 747 1182 puina
775 1100 846 1184 apsa
875 1102 976 1166 animi
1003 1103 1050 1166 cla
1079 1103 1113 1166 in
1135 1104 1239 1187 capite
1260 1113 1317 1168 acet

175 1204 290 1267 ameria
319 1211 376 1266 acet
402 1203 473 1268 imas
503 1204 641 1268 calcibus
668 1225 733 1269 eece
754 1214 916 1288 posset,
949 1214 980 1269 et
1001 1206 1126 1271 innmci
1151 1207 1261 1292 qnacia
1283 1208 1317 1270 in

172 1315 266 1390 purte
288 1307 412 1371 soleret.

261 1410 330 1475 Iam
353 1410 469 1491 elucet,
495 1431 537 1476 ne
552 1419 671 1475 constet
692 1411 817 1496 (1,594}
838 1412 873 1477 in
892 1421 1050 1478 concuret
1065 1420 1212 1494 mutetur,
1238 1435 1316 1499 pro-

175 1513 277 1578 hiberi
300 1519 333 1579 et
355 1519 454 1578 metro
474 1520 506 1579 et
521 1513 731 1597 grammatica
746 1513 992 1581 constructione.
1032 1515 1146 1597 Itaque
1162 1514 1196 1580 id
1212 1517 1315 1582 solum

174 1633 344 1700 superesse
367 1615 504 1694 videtur,
522 1623 565 1685 ,ut
586 1637 700 1683 versus
724 1619 798 1681 594.
825 1623 855 1680 5.
883 1620 902 1682 6
925 1617 1128 1684 secludamus
1150 1626 1315 1702 tamquam

174 1719 382 1803 interpolatos
397 1725 431 1784 et
445 1718 634 1803 particulam
650 1743 705 1784 nec
720 1721 754 1786 in
767 1723 828 1784 597
846 1721 887 1786 ab
904 1719 1016 1787 eodem
1032 1720 1260 1806 interpolatore
1274 1742 1316 1788 cx

173 1845 235 1885 iton
250 1828 478 1888 commutatam
495 1842 568 1889 esse
583 1823 790 1890 coniciamus.
817 1823 900 1888 Nam
916 1823 1027 1906 siquis
1041 1824 1316 1891 illostresversus

172 1923 368 2016 interpolare
402 1924 567 2005 studebat,
602 1945 675 1991 eum
705 1949 767 1990 non
794 1928 829 1991 in
858 1949 913 1990 ricc
941 1933 1066 1992 mutare
1096 1945 1211 1994 ausum
1242 1947 1316 1995 csse

173 2046 229 2092 our
266 2046 329 2092 non
366 2035 532 2111 putemus,
564 2029 655 2094 nulla
692 2035 741 2095 eat
771 2048 880 2094 causa.
936 2027 1174 2095 Sententiarum
1207 2037 1315 2097 autem

173 2129 386 2211 cohaerentia,
412 2131 439 2195 si
463 2131 522 2196 bos
545 2151 657 2197 versus
680 2131 796 2198 missos
812 2129 957 2210 facimus,
976 2131 1098 2217 optima
1113 2138 1173 2198 est.
1210 2134 1316 2216 Atque

173 2231 350 2297 clarissime
374 2232 577 2316 perspicitur,
602 2231 688 2298 unde
710 2232 790 2298 haec
808 2231 1011 2318 interpolatio
1027 2239 1097 2299 orta
1111 2233 1164 2299 sit.
1203 2233 1317 2301 Altera

173 2334 257 2399 enim
288 2353 398 2399 aarum
428 2353 615 2412 causarum,
640 2335 673 2401 in
702 2335 816 2418 quibus
846 2335 909 2402 sita
937 2343 987 2402 est
1012 2335 1069 2402 illa
1091 2336 1220 2422 positio,
1246 2338 1315 2422 pri-

174 2435 298 2501 mordia
313 2456 377 2502 non
392 2457 487 2521 posse
503 2439 701 2519 commutari,
716 2437 796 2504 baec
807 2444 871 2504 est:
891 2439 968 2522 qaid
977 2462 1116 2526 quaeqae
1127 2450 1244 2525 queant
1251 2463 1316 2525 par

163 2542 305 2626 foedera
327 2541 464 2618 neutra,
491 2541 569 2626 qnid
583 2563 683 2624 porro
704 2551 868 2626 nequeant,
895 2543 1049 2608 sancitum
1064 2544 1316 2629 quandoquidem
1389 2574 1392 2579 ·

172 2652 276 2707 exstat
302 2644 342 2726 (1,
369 2645 444 2708 586.
471 2647 514 2728 7).
564 2643 660 2710 Visus
689 2652 797 2711 autem
827 2652 878 2712 cst
899 2645 1119 2731 interpolator,
1146 2667 1218 2714 cum
1239 2647 1313 2714 illos

172 2765 284 2811 remus
314 2745 482 2824 insereret,
507 2746 637 2826 addere,
664 2747 692 2812 si
722 2747 895 2832 primordia
916 2755 1196 2827 commutarentur,
1222 2749 1312 2817 illam

171 2851 305 2915 alteram
328 2869 457 2915 causam
481 2850 610 2934 negari;
642 2849 725 2934 fugit
748 2857 854 2917 umen
878 2871 952 2918 eum
973 2872 1149 2937 pronomen
1170 2875 1312 2940 quaeque

177 2953 258 3036 (586)
279 2950 322 3018 ad
341 2974 489 3036 panaro
511 2953 686 3038 pertinere,
703 2953 811 3020 verbis
825 2953 1012 3038 veroflnt'ta
1024 2963 1165 3038 potestas
1180 2957 1313 3042 deniqne

171 3054 282 3140 cuique
297 3075 433 3139 qaenam
447 3055 489 3119 ait
505 3055 626 3120 ratium
642 3056 782 3140 spectari
805 3057 987 3141 ainpnlas
1008 3081 1083 3122 rea.
1123 3059 1227 3142 Atque
1243 3079 1312 3125 om-

171 3157 246 3224 nino
260 3156 433 3224 nuendum
449 3165 499 3224 est
514 3157 662 3224 versibus
677 3161 826 3224 584—90
842 3180 939 3225 unam
954 3179 1022 3226 mm
1038 3159 1224 3244 significari,
1244 3161 1312 3227 sin-

170 3261 247 3343 gula
258 3281 379 3345 genera
391 3281 520 3327 servare
535 3267 683 3327 naturam
696 3281 802 3328 mores
815 3262 933 3328 victum
946 3271 1113 3347 motusque
1121 3270 1307 3348 parentum;

171 3365 271 3431 tribus
286 3372 393 3430 tameo
409 3365 554 3449 partibus
570 3363 648 3430 haec
671 3385 722 3432 rea
737 3365 943 3432 describitur:
973 3372 1001 3429 1.
1020 3367 1166 3452 quonum
1178 3389 1312 3451 qaaecu-

172 3469 226 3530 tim
241 3468 452 3552 redditafinis
467 3469 628 3532 crescendi
640 3469 732 3534 rebus
747 3476 870 3533 constat
885 3468 1042 3554 aramque
1065 3469 1192 3534 tenendi
1194 3497 1208 3546 ;
1232 3473 1262 3536 2.
1281 3480 1312 3535 et

171 3570 248 3654 qnid
261 3591 400 3655 quaeqae
416 3579 530 3655 queunt
547 3593 608 3654 pcc·
619 3573 761 3659 foedera
775 3571 914 3652 nannai,
939 3573 1018 3658 qcn'd
1024 3593 1126 3656 porro
1141 3583 1307 3658 nequeant,

169 3672 322 3738 sancitum
345 3673 593 3758 quandoquidem
615 3683 738 3751 enatam
761 3679 790 3740 3.
817 3699 872 3740 nec
897 3683 1106 3740 commutatur
1128 3676 1305 3762 quicquum,

170 3775 245 3860 quin
267 3775 371 3840 omacio
393 3783 533 3841 conatast
558 3799 655 3861 aspice
684 3777 771 3852 adeo,
798 3778 904 3842 cunae
926 3779 1067 3842 uolucres
1088 3778 1179 3842 utin
1200 3779 1310 3844 ordina

169 3885 300 3942 cunone
333 3879 499 3942 ostendant
534 3881 673 3944 maenaa
710 3881 868 3966 pennulas
903 3903 1032 3965 corpore
1068 3881 1178 3948 inesse.
1240 3882 1309 3949 Hoc

170 3982 267 4066 igitur
281 3980 358 4047 dicit
382 3988 497 4066 poeta:
522 3981 670 4065 quoniam
687 3983 816 4068 singula
830 4004 935 4049 rerum
958 4003 1078 4067 genera
1100 3984 1168 4052 suis
1191 3985 1307 4052 finibus

168 4084 406 4168 circumscripta
428 4085 565 4151 eandem
588 4105 715 4170 semper
730 4092 876 4153 naturam
892 4086 934 4153 ad
949 4093 1095 4172 posteros
1111 4096 1305 4174 propagant,

167 4184 398 4254 immutabilem
427 4187 673 4272 primordiorum
702 4209 859 4255 summam
882 4190 1002 4258 habere
1024 4190 1154 4262 debent:
1181 4213 1295 4259 nams

168 4289 342 4372 primordia
367 4289 665 4357 commutationibus
695 4292 839 4359 subiecta
869 4300 987 4370 essent,
1012 4314 1075 4360 non
1101 4294 1217 4360 totiens
1240 4295 1308 4361 sin-

1067 4415 1098 4465 5*
