3258 4928
569 425 613 436 -
660 389 743 472 [ειη
791 426 835 437 -
1208 393 1270 455 nee

140 581 286 655 θέσεις
310 579 381 643 καὶ
403 573 475 654 τὰς
498 574 763 662 παρισώσεις
786 578 905 662 λέγω·
930 579 987 642 καὶ
1009 575 1066 644 διὰ
1081 584 1147 644 τῶν
1162 575 1273 665 λήρων

139 677 264 746 τούτων
290 692 409 764 κοσμεῖ
436 673 509 768 τήν
526 678 663 766 φράσιν.
712 680 762 746 Au
783 701 824 747 σε
846 681 1014 766 probanda
1035 680 1099 748 duo
1122 682 1273 767 exemplu

138 785 304 867 adduntur,
332 805 465 868 quorum
487 785 646 870 posterius
671 783 746 850 hoe:
773 805 806 870 p.
828 788 954 850 rodens
978 781 1015 851 ἐν
1036 782 1175 870 τῇμετὰ
1190 783 1272 851 ταύ-

137 913 195 975 την
216 886 366 974 περιόδῳ
396 884 445 952 τὰ
472 881 580 954 αὐτὰ
609 893 719 954 ποιῶν
742 885 942 976 φανήσεται.
974 889 1059 976 φησὶ
1087 886 1151 975 γὰρ
1183 891 1273 968 „Ael

137 989 174 1078 δή
203 990 359 1057 τοιοότοο
387 987 479 1068 τινός
506 987 626 1076 λόγου,
665 985 758 1069 ὅστις
791 990 870 1069 τοὺς
901 991 964 1075 μέν
997 987 1272 1079 τετελευτηκότας

137 1094 255 1172 ἱκανῶς
279 1093 462 1177 ἐπαινέσει,
489 1107 560 1172 τοῖς
583 1094 620 1160 dd
643 1093 745 1174 ζῶσιν
766 1090 911 1179 εὐμενῶς
933 1100 1168 1182 παραινέσει.“
1194 1089 1273 1162 οὐκ·

136 1205 195 1264 σῶν
217 1197 388 1285 ἐπίρρημα
412 1196 617 1286 ἐπιρρήματι
639 1196 844 1286 παράκειται
866 1199 924 1266 καὶ
946 1197 1075 1286 ῥήματι»
1092 1197 1198 1286 ῥήμα·
1232 1195 1270 1264 τό

135 1302 196 1384 μὲν
220 1295 390 1381 ,,Ἱκανῶς“
415 1309 461 1388 τῷ
485 1297 702 1384 ςΕόμενῶςέέ,
729 1309 776 1388 τῷ
791 1296 823 1368 d'
841 1295 1072 1382 „’Ercuwe'uee“
1096 1298 1134 1368 τό
1153 1306 1271 1390 ,,Παρ-

135 1411 282 1472 αινέσει“
313 1407 370 1470 καὶ
400 1413 507 1472 ταῦτα
537 1403 687 1492 πόρισα;
735 1410 980 1494 Παρακεῑσθαι
1006 1405 1035 1472 εἰ
1056 1405 1185 1489 quidem
1211 1427 1271 1490 ge-

134 1510 264 1575 nuinum
287 1519 346 1592 eet,
372 1509 452 1574 nihil
475 1508 564 1576 uliud
587 1509 772 1593 significare
794 1517 900 1596 potest
915 1529 1012 1594 quam
1026 1510 1117 1575 iuxta
1131 1509 1269 1595 positum

133 1634 223 1686 esse:
258 1614 297 1680 de
319 1613 538 1698 parelleliemo
565 1613 704 1696 quodum
733 1615 874 1679 column
903 1615 956 1680 vel
985 1615 1155 1680 verborum
1183 1614 1271 1698 apud

134 1715 325 1802 Dionysium
357 1737 516 1802 nusquam
549 1723 732 1803 usurpetur.
785 1717 836 1784 cf.
870 1738 899 1783 e.
925 1739 959 1802 g.
991 1739 1021 1802 p.
1050 1721 1139 1782 liius
1166 1711 1267 1783 Δεῦτ’

134 1817 169 1885 ἐν
190 1816 295 1905 χορόν
313 1813 495 1904 Ὀλύμπιοι
518 1817 577 1885 ἐπέ
599 1844 634 1886 τε
656 1817 782 1887 κλυτὰν
803 1824 956 1905 πέμπετε
979 1817 1093 1907 χάριν;
1128 1841 1160 1905 p.
1182 1823 1268 1886 15611

134 1920 168 1988 τό
187 1923 223 1989 δέ
239 1921 347 2008 τούτῳ
370 1926 423 2008 (sc.
440 1931 486 2009 τῷ
502 1921 625 2009 πρώτῳ
641 1922 745 2009 κώλῳ)
766 1928 1095 2009 παρακείμενον
1110 1925 1217 1990 κῶλον
1232 1921 1270 1989 τὸ

134 2019 233 2102 ιἘπὶ
261 2049 296 2090 τε
325 2023 449 2091 κλυτὰν
481 2031 635 2108 πέμπετε
663 2024 786 2112 χάριν“
916 2046 1000 2093 vers.
1028 2051 1052 2092 ιι
1083 2023 1179 2112 ἄρχει
1208 2027 1271 2108 μέν

131 2125 194 2212 γὰρ
219 2123 324 2194 αὐτοῦ
351 2140 519 2210 στοιχεῖον
549 2130 585 2194 ἓν
614 2135 680 2194 τῶν
710 2133 915 2216 φωνηέντων
944 2127 982 2195 τό
1006 2137 1021 2194 ἑ
1044 2130 1102 2194 καὶ
1130 2127 1271 2214 παρά-

131 2253 273 2295 κειται
302 2227 405 2315 ἑτέρῳ
429 2226 599 2317 φωνήεντι
621 2237 668 2315 τῷ
690 2243 714 2292 ῑ·
740 2229 788 2307 εἰς
811 2237 909 2296 τοῦτο
932 2228 997 2315 γὰρ
1021 2229 1115 2318 ἐληξε
1138 2228 1175 2296 τὸ
1200 2228 1269 2315 πρὸ

130 2327 236 2399 αὐτοῦ
257 2333 290 2416 (i.
309 2353 339 2400 e.
354 2327 561 2416 Ὀλύμπιοι).
601 2354 634 2418 p.
657 2337 729 2398 1531
752 2331 863 2419 χάριν,
889 2337 984 2399 θεοέε
1012 2355 1046 2418 p.
1068 2337 1141 2398 159⁷
1165 2341 1211 2419 τῷ
1233 2357 1269 2400 τε

129 2433 230 2523 χάριν
244 2433 281 2501 τό
299 2440 379 2502 θεοί
401 2440 738 2522 παρακείμενον.
777 2456 862 2503 vers.
874 2461 899 2504 ιε
922 2431 1083 2524 ὀμφαλὸν
1098 2434 1265 2503 θαόενταε

129 2560 214 2606 vere.
235 2563 260 2605 ιι
284 2537 441 2624 ἐνταῦθα
452 2533 498 2626 τῷ
513 2533 543 2604 τ’
562 2533 722 2628 ὀμφαλόν
737 2537 786 2617 εἰς
801 2536 880 2608 τὸίῖ
901 2536 1038 2628 λήγοντι
1060 2537 1097 2606 τὸ
1118 2537 1269 2608 θυόεντα

129 2647 455 2728 παρακείμενον
491 2638 560 2710 ἀπὸ
598 2651 659 2710 τοῦ
691 2633 719 2710 θ
753 2637 953 2729 ἀρχόμενον.
1015 2641 1065 2712 Gi.
1101 2651 1270 2730 praeterea

127 2769 160 2831 p.
183 2751 269 2830 1612,
287 2773 323 2828 re,
353 2751 452 2832 166ιι,
480 2752 565 2831 168³,
587 2752 688 2832 17910,
715 2751 804 2814 213⁵.
850 2749 948 2832 Atqui
970 2747 1125 2815 adverbia
1148 2747 1269 2826 ἱκανῶς

129 2857 162 2917 et
185 2843 331 2934 εὐμενῶς
352 2851 494 2936 itemque
516 2853 615 2918 verbu
631 2849 806 2918 ἐπαινέσει
820 2858 853 2918 et
869 2855 1070 2939 παραινέσει
1092 2873 1155 2918 non
1177 2852 1269 2919 iuxta

127 2955 236 3040 posita
251 2961 334 3038 eunt,
361 2955 421 3022 sed
435 2963 586 3040 separata
600 2962 697 3040 atque
712 2955 945 3038 quodammodo
961 2953 1120 3041 opposita.
1162 2955 1269 3021 Nimi-

128 3079 198 3124 rum
221 3058 397 3145 Dionysius
428 3060 526 3126 etiam
555 3057 615 3136 τὰς
645 3053 894 3136 ἀντιθέσεις
923 3059 957 3124 in
985 3059 1128 3126 Plutonis
1160 3061 1268 3127 verbis

126 3163 280 3248 detegere
309 3182 345 3229 εε
367 3164 452 3230 veile
480 3165 578 3248 plane
607 3163 703 3246 dixit,
736 3169 832 3246 utque
854 3163 888 3227 in
910 3163 1016 3248 priore
1038 3165 1186 3248 exemplo
1210 3184 1267 3228 ex-

125 3267 301 3334 aminando
316 3267 398 3334 haec
411 3267 467 3334 ille
483 3287 516 3354 p.
535 3270 663 3333 103314:
691 3265 842 3332 ἐνταῦθα
859 3277 930 3343 τοῖς
951 3266 1014 3349 μέν
1037 3265 1147 3353 ἔργοις
1170 3261 1188 3332 ὁ
1210 3263 1268 3332 λό-

127 3393 188 3454 γος
212 3366 473 3452 ἀντίκειται,
501 3377 547 3458 τῷ
563 3371 599 3436 δέ
617 3375 819 3458 πραχθῆναι
833 3366 871 3435 τὸ
889 3367 1050 3458 ῥηθῆναι.
1096 3370 1135 3434 In
1156 3376 1266 3455 poete-

124 3472 209 3539 riore
242 3474 328 3540 idem
361 3475 495 3542 recurrit
533 3473 596 3558 (τὰ
629 3469 735 3540 αὐτὰ
769 3480 878 3540 ποιῶν
912 3471 1132 3560 φανήσεται).
1185 3472 1267 3540 Inde

124 3576 271 3659 sequitur
285 3599 343 3662 pro
360 3577 564 3664 παράκειται
580 3577 782 3645 scribendum
799 3597 872 3644 εεεε
889 3569 1145 3657 detinentem
1172 3597 1267 3664 prae·

123 3679 245 3745 cedens
268 3685 478 3764 παραινέσει,
511 3681 544 3746 ui
567 3681 671 3762 fallor,
706 3701 804 3747 cauea
825 3680 886 3747 init
908 3682 1121 3766 corruptelae,
1168 3681 1266 3748 Porro

121 3785 156 3848 in
189 3783 382 3850 editionibus
413 3803 431 3849 ε
459 3785 584 3850 Reiekii
614 3785 798 3850 coniectura
818 3785 912 3864 ,male
934 3784 1052 3868 legitur
1079 3785 1137 3849 καὶ
1159 3791 1266 3851 ταῦτα

126 3884 174 3950 τὰ
197 3884 341 3971 πάρισα.
389 3887 558 3954 Sententia
579 3887 660 3954 haee
675 3895 738 3954 est:
780 3888 976 3955 Aduerbium
994 3887 1148 3954 adverbio
1165 3909 1266 3974 oppu-

123 3991 221 4056 situm
246 3999 295 4057 eet
317 3996 350 4056 et
372 3993 471 4058 verbo
493 3991 637 4072 verbum,
664 3992 760 4075 idque
782 3992 839 4073 itu,
871 3998 907 4057 ut
937 3991 1033 4058 etium
1056 3993 1166 4076 perine
1188 3993 1261 4059 sint.

122 4095 279 4162 Codicum
303 4095 398 4160 lectio
414 4116 495 4161 suna
511 4102 571 4160 eet.
619 4095 767 4162 Ceterum
784 4115 865 4178 quae
889 4094 939 4160 hie
961 4095 1159 4180 respondent
1176 4097 1266 4182 prio-

121 4200 166 4264 ris
184 4199 324 4285 exempli
340 4201 440 4265 verba
462 4221 494 4284 p.
508 4201 634 4264 10331ns
657 4199 703 4264 ita
719 4199 831 4282 legas:
857 4204 1124 4283 παρισοῦται
1149 4201 1264 4285 [παρι-

121 4303 317 4386 undenarii]
344 4301 381 4366 δὲ
405 4301 446 4367 τὰ
469 4306 545 4388 τρέα
568 4300 671 4386 μόρια
694 4299 875 4388 τοῦλόγου
898 4313 969 4378 τοῖς
991 4305 1091 4388 τρισί.
