3280 4934
604 419 647 428 -
697 379 792 464 [103]
840 419 880 428 -
1299 382 1316 446 ι

173 575 261 649 hant,
285 596 346 658 quo
369 576 429 658 ipsi
453 575 584 640 consilia
607 597 665 639 sua
686 573 874 658 perficerent
896 596 1025 660 remque
1047 577 1206 660 publicam
1230 598 1318 642 ever-

174 686 292 757 terent,
319 689 364 758 et,
391 703 459 746 cum
487 682 559 746 illos
587 683 640 766 qui
669 683 778 766 populi
806 705 932 749 causam
959 690 1103 765 agerent,
1133 685 1318 766 praesertim

176 793 331 869 strategos
360 793 391 852 et
418 787 610 865 taxiarches,
637 789 698 853 sibi
722 793 858 854 maximo
886 791 1111 872 impedimento
1134 789 1202 854 fore
1226 788 1318 854 intel-

176 893 328 976 legerent,
361 895 445 958 omni
477 894 570 958 modo
599 915 651 958 eos
683 897 815 976 perdere
843 897 949 960 conati
976 903 1058 960 sunt.
1108 896 1220 979 ltaque
1249 918 1317 960 cum

175 1000 278 1083 prima
296 1000 334 1063 de
358 1021 435 1082 pace
454 1001 559 1064 contio
578 999 749 1064 haberetur
772 1001 932 1086 legatique
950 1001 1184 1068 Lacedaemone
1203 1004 1319 1067 reversi

178 1107 372 1182 nuntiarent,
396 1127 434 1170 ea
461 1107 644 1172 condicione
667 1106 931 1172 Lacedaemonios
955 1130 1063 1191 pacem
1091 1109 1319 1190 composituros

176 1235 251 1289 esse,
274 1219 310 1276 ut
334 1214 415 1276 muri
437 1213 523 1296 longi
547 1220 678 1296 excepta
701 1214 830 1278 minima
852 1221 944 1297 parte
968 1215 1169 1278 diruerentur
1179 1218 1214 1298 ¹),
1237 1215 1319 1278 The-

175 1341 318 1384 ramones
346 1322 482 1384 surrexit
510 1326 555 1398 ot,
586 1321 613 1385 si
646 1341 703 1385 suo
729 1320 863 1386 arbitrio
891 1322 996 1385 omnia
1023 1322 1254 1404 permitterent,
1286 1341 1320 1385 se

175 1427 388 1509 perfecturum
412 1449 478 1492 esse
501 1427 661 1511 pollicitus
681 1433 737 1503 cst,
760 1434 796 1491 ut
819 1449 921 1510 neque
940 1428 1022 1491 muri
1041 1428 1242 1492 diruerentur
1265 1449 1319 1492 ne-

175 1555 235 1616 que
258 1533 343 1598 aliud
368 1534 445 1616 quid
472 1535 598 1617 gravius
625 1539 811 1618 paterentur
833 1533 1049 1599 Athenienses.
1096 1533 1184 1598 Idem
1211 1539 1318 1598 tamen

175 1641 333 1704 arbitratu
357 1661 412 1704 suo
436 1642 475 1704 dc
498 1663 576 1724 pace
599 1662 693 1724 agere
717 1642 818 1707 iussus
841 1661 910 1705 cum
930 1639 1195 1705 Lacedaemonem
1217 1642 1319 1706 venis-

176 1753 237 1822 set,
270 1747 314 1811 ibi
347 1746 402 1810 diu
431 1738 555 1832 (πολὺν
580 1742 721 1832 χρόνον)
755 1753 964 1812 commoratus
996 1753 1045 1819 est
1076 1769 1137 1812 non
1171 1747 1319 1832 ignorans

176 1853 385 1918 Athenienses
404 1855 545 1936 quamvis
564 1853 804 1937 ignominiosam
823 1875 933 1937 pacem
952 1861 1135 1938 accepturos
1154 1875 1319 1931 scoacum

175 1960 258 2024 fame
272 1965 413 2025 extrema
430 1967 656 2043 premerentur.
684 1959 810 2024 Interea
825 1959 959 2024 Athenis
974 1959 1132 2044 Cleophon
1151 1961 1254 2030 homo,
1264 1981 1319 2045 po-

176 2066 295 2150 pularis
313 2073 424 2150 captus
439 2073 488 2130 est
505 2074 538 2131 et
555 2068 762 2150 interemptus
777 2064 958 2132 auctoribus
973 2067 1027 2144 eis,
1040 2069 1095 2152 qui
1113 2089 1219 2132 rerum
1234 2087 1319 2131 ever·

176 2175 342 2237 tenderum
362 2174 467 2257 cupidi
491 2180 590 2240 erant.
627 2173 815 2238 Therameni
838 2173 956 2248 reduci,
975 2194 1046 2237 cum
1065 2195 1118 2240 eas
1140 2175 1228 2258 pacis
1246 2194 1320 2237 con-

177 2279 315 2344 diciones
328 2279 471 2356 referret,
485 2281 600 2364 quibus
614 2286 726 2364 postea
735 2279 879 2344 Athenae
892 2280 1028 2344 maxime
1038 2279 1223 2345 debilitatae
1238 2284 1319 2358 sunt,

177 2386 299 2452 obvimn
315 2392 466 2452 venenmt
481 2388 622 2452 nonnulli
637 2387 768 2470 strategi
783 2392 815 2450 et
829 2385 995 2463 taxiarchi,
1009 2386 1093 2451 inter
1107 2407 1185 2469 quos
1200 2385 1320 2450 Strom·

177 2493 318 2558 hichides
347 2500 379 2557 et
407 2493 654 2577 Dionysodorus,
682 2494 774 2576 pauci
802 2493 897 2556 etiam
925 2492 981 2555 alii
1009 2494 1104 2568 cives,
1132 2494 1185 2576 qui
1214 2513 1320 2556 omnes

105 2667 111 2680 ,
176 2602 313 2666 maxima
331 2601 380 2686 ira
398 2601 517 2665 incensi
535 2600 631 2664 talem
654 2621 763 2683 pacem
781 2600 923 2682 accipere
942 2599 1101 2676 nolebant,
1119 2621 1182 2682 qua
1200 2599 1267 2663 fore
1285 2605 1320 2662 ut

177 2707 353 2792 respublica
376 2706 476 2772 libera
503 2713 705 2783 everteretur,
732 2727 795 2770 non
818 2705 1015 2782 nesciebant3
1044 2711 1155 2770 contra
1177 2727 1210 2770 se
1237 2705 1320 2788 ipsos

175 2815 371 2900 perfecturos
394 2835 462 2878 esse
485 2813 664 2896 sperabant,
685 2819 722 2876 ut
743 2812 984 2877 Lacedaemonii
1007 2815 1188 2896 aequiorem
1211 2833 1319 2894 pacem

175 2928 397 3007 proponerent.
448 2920 490 2984 Et
517 2941 592 2985 sane
618 2959 658 2968 —
682 2919 773 2984 addit
799 2918 910 3003 Lysias
939 2957 981 2966 -
1009 2918 1228 3002 perfecissent,
1261 2917 1320 2982 nisi

177 3030 316 3112 Agorato
331 3033 459 3092 auctore
473 3033 568 3092 antea
581 3027 770 3091 interissent.
803 3024 915 3110 Itaque
934 3046 986 3090 cos
1000 3026 1211 3090 Theramenes
1230 3025 1321 3089 socii—

177 3157 238 3220 que
266 3155 335 3199 cum
363 3134 506 3198 viderent
532 3132 594 3198 sihi
621 3134 773 3198 maximas
796 3130 999 3197 difficultates
1022 3131 1222 3215 praebituros
1246 3152 1322 3206 esse,

176 3243 395 3326 priusquam
418 3241 462 3306 do
485 3261 575 3332 paca
599 3246 791 3324 ageretur,
818 3238 962 3304 emedio
986 3239 1097 3305 tollere
1120 3240 1224 3303 conati
1248 3245 1322 3303 sunt

176 3350 211 3436 (ξ
231 3348 363 3432 5-17).
401 3347 468 3411 lam
487 3347 644 3429 quomodo
667 3367 747 3429 quae
767 3344 914 3410 volebant
931 3344 1121 3429 perfecerint
1144 3366 1202 3426 per
1220 3343 1321 3409 Theo-

177 3456 291 3521 critum
316 3460 349 3518 et
368 3454 551 3537 Aguratum,
574 3453 681 3518 multis
704 3451 809 3518 verbis
832 3452 962 3535 exponit
980 3451 1089 3535 Lysias
1113 3452 1147 3536 (ἓ
1169 3451 1250 3515 18-
1255 3451 1321 3532 31).

177 3563 349 3645 Postquam
375 3565 480 3624 autem
509 3560 603 3624 duces
632 3560 737 3624 illit
705 3566 737 3624 et
764 3559 823 3624 viri
851 3559 1020 3642 populares
1047 3579 1106 3622 con
1108 3557 1192 3621 tione
1216 3556 1321 3621 Muni-

177 3670 268 3736 chiae
295 3666 406 3732 hahita
428 3667 565 3731 accusati
594 3673 667 3731 sunt
695 3666 761 3730 et
753 3688 786 3729 ιιι
809 3686 965 3731 carcerem
988 3664 1135 3741 coniecti,
1163 3670 1231 3728 tum
1254 3665 1322 3749 qui-

177 3778 250 3842 dem
268 3757 430 3858 Lysander
452 3775 485 3836 in
507 3779 636 3856 portum
658 3773 799 3838 invectus
823 3780 871 3838 est
894 3779 927 3837 et
949 3793 1044 3837 naves
1067 3771 1323 3836 Lacedaemoniis

177 3883 316 3948 traditae
339 3885 372 3946 et
394 3879 527 3963 triginta
550 3879 609 3944 viri
632 3880 780 3956 instituti,
802 3901 822 3944 a
844 3880 959 3962 quibus
981 3885 1091 3963 postea
1116 3876 1160 3941 illi
1184 3877 1244 3941 viri
1266 3899 1322 3961 po-

177 3991 304 4074 pulares
327 3987 481 4070 supplicio
505 3985 609 4052 affecti
633 3995 707 4052 sunt
731 3987 765 4072 (ξ
788 3987 929 4050 32-34.
953 3985 1020 4073 43).

269 4256 287 4322 ¹)
307 4250 335 4308 εἰ
352 4253 550 4321 κατασκαφείη
570 4256 628 4306 τῶν
647 4255 748 4322 τειχῶν
766 4255 824 4306 τῶν
841 4256 961 4322 μακρῶν
980 4249 1026 4308 ἐπὶ
1050 4249 1120 4306 δέκα
1139 4244 1240 4303 στάδια
1259 4245 1323 4305 ἑκα-

178 4340 263 4414 τέρου
287 4347 310 4409 (ξ
329 4344 364 4406 8).
406 4342 440 4396 cl.
466 4341 534 4397 Xan.
554 4341 588 4396 H.
609 4341 641 4395 G.
661 4341 701 4404 11,
720 4343 750 4408 2,
771 4343 804 4397 15
831 4337 1047 4412 sociaetatem
1072 4338 1102 4394 dl
1126 4341 1184 4393 τῶν
1205 4343 1325 4410 μακρῶν

179 4436 281 4504 τειχῶν
301 4427 349 4486 ἐπὶ
368 4427 437 4486 δέκα
456 4431 587 4495 σταδίους
606 4432 743 4485 καθελεῖν
762 4424 909 4503 ἑκατέρου.
