3280 4934
494 363 501 374 '
593 413 634 426 -
682 377 777 460 [141]
824 413 867 424 -
1256 371 1301 440 45

159 594 267 638 eorum
291 574 480 639 sententiam
502 573 626 657 probes,
648 573 703 656 qui
726 571 841 638 librum
863 570 954 639 nobis
977 570 1131 636 traditum
1153 590 1174 635 a
1195 569 1296 636 Xeno

158 680 277 765 phonte
309 681 379 764 ipso
411 681 561 763 seriptum
588 701 652 745 non
684 703 764 759 esse,
796 680 852 747 sed
883 671 980 744 alium
1011 679 1168 762 quendam
1197 678 1300 744 Xeno-

159 788 286 871 phontis
327 787 443 852 librum
484 789 675 873 excerpsisse
711 788 923 872 nonnullaque
961 809 998 852 er
1039 786 1104 852 suis
1141 786 1302 852 addidisse

158 895 321 980 putant‚²)
345 915 407 960 non
427 894 588 960 dubitabis
611 895 670 975 ipsi
689 895 864 979 excerptori
883 892 979 960 verba
1001 893 1057 958 illa
1079 893 1228 970 tribuere,
1246 895 1301 977 qui

159 1021 197 1066 ea
213 1001 282 1066 loeo
301 1001 429 1066 minime
447 1007 523 1085 apto
541 1001 717 1068 inseruerit
744 1001 997 1066 Fundamentum
1015 1001 1123 1085 igitur,
1137 1022 1198 1085 quo
1213 1001 1299 1066 nisus

159 1109 290 1175 Peterus
312 1129 401 1174 suam
424 1109 613 1174 sententiam
636 1109 840 1193 comprobare
864 1109 974 1187 voluit,
1000 1107 1160 1174 sublatum
1184 1115 1240 1175 est.

246 1216 358 1282 Restat
376 1215 457 1280 alius
475 1215 570 1293 loeus,
589 1235 709 1300 exque
728 1216 860 1282 Peterin
879 1221 911 1282 et
929 1215 1093 1283 Scheibius
1112 1216 1318 1283 ooneluduntx

159 1345 229 1390 eum
259 1324 394 1407 triginta
420 1323 480 1387 viri
507 1322 780 1389 administratione
807 1325 854 1390 rei
884 1323 1029 1409 publicae
1053 1331 1243 1392 exuerentur
1270 1331 1302 1392 et

159 1433 266 1497 decern
288 1431 348 1494 viri
372 1430 417 1495 eis
435 1430 702 1498 substituerentur
720 1431 782 1498 iam
801 1437 954 1497 aestatem
973 1432 1078 1498 fuisse.
1115 1431 1197 1496 Nam
1215 1435 1300 1516 quod

159 1538 334 1622 Xenophon
357 1538 455 1602 habet
478 1538 518 1616 Π,
540 1539 570 1615 4,
594 1539 637 1602 25
664 1530 836 1625 προνομὰς
860 1539 896 1604 di
921 1534 1119 1624 ποιούμενοι
1142 1541 1199 1605 καὶ
1222 1543 1301 1626 λαμ-

158 1641 320 1727 βάνοντες
347 1639 429 1726 ξύλα
455 1647 512 1710 καὶ
539 1638 690 1731 ὀπώραν,
723 1641 912 1713 ἐκάθευδον
939 1642 1042 1712 πάλιν
1075 1645 1111 1710 ἐν
1139 1648 1301 1732 Πειραιεῑι

159 1753 364 1840 utrumquem
387 1752 489 1817 hieme
512 1751 581 1819 fieri
599 1773 663 1819 non
680 1754 820 1836 potuisse
839 1755 969 1820 Peterus
988 1759 1080 1839 putat
1098 1755 1142 1840 (p.
1161 1753 1214 1818 47.
1232 1755 1301 1840 48),

160 1859 325 1926 Scheibius
353 1859 397 1947 (p.
423 1859 501 1946 161)
529 1860 592 1925 iarn
618 1858 692 1925 tum'
713 1862 846 1938 „melius
873 1862 947 1926 anni
976 1862 1157 1947 tempns“³)
1185 1869 1301 1947 apprh-

160 1970 327 2052 pinquasse
355 1974 473 2042 censam
501 1988 582 2052 quae
609 1967 765 2034 oonolusio
789 1969 816 2033 si
843 1974 1036 2045 vernasset,
1063 1969 1196 2052 triginta
1218 1971 1301 2036 viros

160 2095 232 2140 oum
255 2079 375 2140 aestate
399 2075 495 2148 etiam
517 2080 676 2158 regerent,
703 2081 854 2141 autumno
877 2075 927 2140 vel
953 2074 1056 2141 hieme
1083 2077 1157 2142 anui
1185 2076 1300 2160 prioris

160 2183 323 2248 institutos
346 2203 413 2248 esse
436 2183 621 2247 sumendum
645 2187 736 2248 esset.
773 2182 863 2262 Quod
886 2203 996 2248 vereor
1014 2189 1050 2248 ut
1072 2188 1157 2249 reete
1180 2184 1300 2250 axillis

160 2289 264 2356 verbis
292 2289 459 2356 effeoerint.
510 2291 684 2374 Προνομαὶ
711 2289 794 2355 enim
821 2311 877 2356 our
907 2289 1011 2356 hieme
1037 2288 1107 2355 fieri
1134 2299 1301 2375 nequeant,

159 2419 224 2464 non
242 2399 346 2462 video:
368 2419 469 2481 neque
492 2398 576 2462 enim
594 2397 697 2462 minus
719 2396 822 2462 hieme
841 2417 935 2481 quam
953 2404 1074 2469 aestate
1096 2397 1212 2464 milites
1234 2398 1301 2464 frn-

160 2510 337 2572 mentatum
361 2509 394 2570 et
416 2503 601 2588 pabulatum
624 2503 708 2568 exire
731 2503 846 2569 solent:
874 2504 959 2587 quod
982 2506 1008 2570 si
1032 2506 1102 2588 quis
1125 2506 1301 2585 addubitet,

150 2613 245 2696 'legat
267 2612 345 2678 Xeu.
366 2611 404 2676 H.
421 2609 457 2677 G.
476 2611 500 2687 Ι,
521 2613 549 2689 1,
566 2609 610 2674 33
632 2610 710 2694 περὶ
733 2609 769 2675 dt
792 2607 934 2689 τούτους
956 2603 1035 2688 τούς
1055 2607 1199 2697 χρόνους
1221 2600 1302 2698 Ἆγις

163 2717 199 2783 ἐκ
221 2727 279 2806 τῆς
301 2720 472 2796 Δεκελείας
498 2710 674 2803 προνομὴν
697 2712 901 2802 ποιούμενος
922 2711 1007 2804 πρὸς
1034 2711 1120 2784 αὐτὰ
1147 2711 1189 2785 τὰ
1212 2723 1301 2809 τείχη

162 2813 246 2912 dide
268 2833 339 2892 τῶν
362 2819 557 2912 Ἀθηναίων.
595 2824 681 2890 Haeo
699 2830 806 2890 eutem
829 2833 962 2892 exeunte
981 2848 1062 2892 anno
1081 2827 1181 2892 idest
1200 2828 1301 2894 hieme

162 2933 246 3000 facta
259 2955 326 3000 esse
345 2934 486 2998 indicant
498 2931 595 2996 rerba
609 2951 690 3015 quae
709 2932 815 3015 paullo
833 2931 917 2998 infre
931 2939 1078 2998 secuntur
1097 2941 1146 3018 τῷ
1160 2933 1197 2999 δὲ
1211 2927 1301 3020 ἄλλῳ

161 3038 236 3108 ἔτει.
282 3041 436 3108 Similiter
462 3041 495 3102 in
523 3037 654 3103 anabnsi
680 3039 857 3123 Xenophon
884 3041 963 3107 haee
990 3040 1086 3105 verbe
1113 3040 1189 3106 facit
1217 3033 1327 3116 α’λλά,

159 3173 216 3234 μοι
245 3150 339 3215 δοκεῖ
364 3139 425 3214 σύν
452 3155 638 3233 προνομαῖς
664 3142 845 3231 λαμβάνειν
872 3140 914 3214 τὰ
942 3142 1110 3234 ἐπιτήδεια
1133 3148 1185 3231 (V,
1207 3150 1234 3228 1,
1254 3150 1301 3237 λ)ι

160 3257 248 3322 illam
275 3261 380 3321 antem
404 3255 579 3319 orationem
605 3252 749 3320 habitem
772 3275 839 3320 esso
861 3255 979 3321 Martio
1006 3254 1072 3320 fere
1101 3275 1208 3322 mense
1229 3279 1302 3324 con-

161 3369 234 3430 stat.
284 3363 427 3446 Denique
453 3361 531 3427 Xen.
556 3359 593 3427 H.
618 3359 732 3438 (Ην,
757 3362 853 3438 1,16
890 3361 1022 3444 legimus
1059 3359 1210 3427 ἐνταῦθα
1240 3361 1302 3448 μὲν

163 3462 202 3556 dr)
227 3470 405 3554 διεχείμαζε
433 3469 489 3534 καὶ
513 3459 661 3534 αὐτόθεν
684 3469 741 3533 καὶ
770 3458 832 3533 οὐν
854 3480 1039 3554 προνομαῖς
1066 3458 1107 3531 τὰ
1132 3464 1302 3556 ἐπιτήδεια

161 3584 201 3660 τῇ
226 3583 363 3664 στρατιᾷ
391 3572 580 3659 λαμβάνων.
627 3575 685 3642 His
711 3577 788 3642 loeis
815 3575 987 3660 perspectis
1010 3571 1183 3660 προνομάς
1206 3578 1301 3643 etiam

161 3683 264 3748 hieme
287 3680 355 3748 fieri
379 3686 520 3767 potuisse
544 3681 745 3749 manifestum
767 3687 823 3748 est

252 3919 271 3982 ¹)
289 3916 324 3972 ef.
348 3909 516 3972 R.'Grosser
537 3915 604 3972 dher
622 3915 667 3970 die
689 3913 915 3988 nmobtbedgider
933 3911 1191 3983 Χιοομλοαιίειλιο
1209 3917 1300 3974 Helie-

162 4006 229 4060 aica
247 4008 278 4061 in
296 4005 376 4060 Neue
394 4004 567 4060 Jatrototer
585 4006 604 4072 s.
625 4003 697 4060 Pru.
716 4021 744 4059 ιι.
765 4005 850 4060 Ραιιλ.
870 4006 913 4059 93.
932 4021 958 4072 p.
978 4005 1029 4059 rm
1049 4020 1089 4073 sq.

251 4096 443 4163 'tUtrumque
466 4093 588 4149 sirecte
612 4093 743 4164 intellego
762 4093 797 4148 ad
820 4086 966 4164 προνομάς
989 4097 1017 4146 et
1040 4085 1157 4165 ὀπώραν
1180 4102 1300 4166 spectem

136 4167 224 4239 ”uam
243 4185 308 4254 quin
327 4185 420 4240 hieme
442 4183 518 4254 ligna
541 4185 600 4253 peti
623 4185 729 4255 possint
747 4189 775 4238 et
799 4181 828 4238 tn
846 4182 943 4238 Piraeo
962 4180 1074 4237 dormiri
1098 4183 1197 4252 possit,
1221 4201 1301 4242 nemo

161 4273 337 4330 dubitaverit.

251 4363 271 4431 ⁸)
291 4363 356 4418 dass
378 4378 430 4416 rur
447 4359 508 4416 Zea
530 4359 580 4416 der
597 4363 763 4430 Aufldruap
786 4359 835 4416 der
853 4353 1132 4429 Dreiseipberrsobuft
1154 4363 1239 4420 sebon
1257 4361 1301 4420 die

161 4451 262 4507 bearem
279 4452 433 4507 Jatresreit
451 4453 618 4519 einpetreten
635 4452 694 4508 sein
712 4457 819 4505 musam.
