3258 4928
595 435 638 444 -
686 400 769 482 quoe]
817 435 861 446 -
1234 405 1297 468 aas

159 585 247 650 facta
269 585 349 664 sint3
376 586 418 652 ef.
436 607 468 671 p.
489 589 595 652 ostra
617 594 759 654 τοιαῦτα
781 587 845 671 μὲν
867 585 906 674 δή
930 586 1007 654 τινά
1029 587 1130 672 ἐστιν,
1152 572 1180 654 xii
1201 590 1297 676 παρὰ

159 685 220 755 τὸν
246 682 418 777 ὑψηλὸν
449 691 506 755 καὶ
540 688 860 776 ἐγκατάσκευον
891 693 948 757 καὶ
979 689 1298 779 ἐξηλλαγμένον

162 799 222 858 τοῦ
245 791 416 881 συνήθους
437 801 632 882 χαρακτῆρα
658 845 664 859 .
687 845 722 860 ..
749 788 767 859 ὃ
790 799 1019 882 Δημοσθένης
1041 793 1294 863 κατεσκεύακεν.

160 896 227 961 lam
252 917 327 964 vero
350 898 500 982 quoniam
520 899 623 964 altera
639 907 730 984 parte
745 899 787 966 de
804 900 892 966 tenui
914 898 1036 985 (έσχνῴ)
1056 921 1175 985 genere
1190 909 1295 968 actum

159 1007 217 1080 est,
245 1009 319 1067 ante
342 1022 452 1068 vocem
474 1009 685 1090 χαρακτῆρος
708 1003 885 1087 genitivum
908 1001 1025 1086 ἰσχνοῦ
1052 1003 1175 1070 librarii
1201 1005 1294 1090 culpa

157 1103 359 1170 intercidisse
381 1105 535 1190 suspicor.
583 1106 746 1172 Lacunam
769 1126 863 1192 porro
879 1127 897 1172 e
913 1107 1062 1192 Dionysii
1078 1127 1164 1174 more
1178 1107 1225 1173 ita
1239 1127 1297 1174 ex-

158 1207 328 1292 pleverim:
355 1202 439 1274 ὥστε
462 1209 543 1294 περὶ
556 1209 620 1294 μὲν
635 1215 695 1275 τοῦ
711 1207 894 1298 (ἰσχνοῦ)
912 1215 1124 1298 χαρακτῆρος
1146 1208 1295 1299 (ταῦτα

159 1307 310 1399 ἱκανά),
338 1311 378 1378 ol.
404 1335 436 1398 p.
459 1316 563 1379 187rss
593 1313 752 1398 καὶπερὶ
774 1312 838 1395 μὲν
859 1319 926 1379 τῶν
946 1311 1169 1401 χαρακτήρων
1189 1320 1295 1381 ταῦτα

159 1411 269 1479 ἱκανά.
318 1414 382 1481 Sed
404 1421 504 1482 totam
527 1415 611 1482 hanc
636 1415 850 1482 coniecturam
880 1416 980 1482 verba
1009 1437 1092 1500 quae
1120 1424 1296 1501 sequuntur

159 1523 219 1582 τοῦ
241 1516 277 1583 δὲ
301 1517 480 1605 ῥητορικοῦ
502 1523 620 1606 γένους
642 1525 702 1585 τοῦ
717 1516 846 1604 μεταξὺ
868 1526 935 1584 τῶν
956 1513 1070 1606 ἄκρων
1092 1517 1296 1606 ἑκατέρου

156 1620 278 1686 irritam
301 1621 451 1690 videntur
472 1622 618 1690 reddere.
662 1623 733 1689 Duo
754 1643 871 1708 nempe
894 1622 1114 1708 significantur
1129 1623 1294 1692 characte-

156 1745 218 1802 res,
242 1745 313 1791 curn
330 1747 427 1792 unum
442 1731 567 1792 tanturn
583 1725 763 1793 coniectura
779 1725 991 1794 elicuerimus.
1026 1727 1214 1794 Accuratius
1231 1727 1293 1812 igi-

157 1834 208 1893 tur
230 1827 270 1896 de
292 1829 400 1895 verbis
422 1836 483 1895 τοῦ
506 1829 541 1895 δὲ
565 1867 603 1878 -
630 1827 790 1915 ἑκατέρου
812 1828 995 1896 videndum.
1047 1826 1093 1895 Τὸ
1117 1825 1295 1918 ῥητορικὸν

156 1936 252 2017 γένος
274 1927 312 1996 τὸ
335 1929 463 2016 μεταξὺ
483 1939 549 1999 τῶν
572 1927 684 2020 ἄκρων
706 1934 794 2000 clare
821 1932 1051 2018 perspicueque
1081 1933 1219 2000 medium
1243 1933 1292 2000 di-

156 2034 248 2099 cendi
270 2055 374 2118 genus
398 2043 457 2102 est.
507 2033 554 2099 Τὸ
579 2031 758 2122 ῥητορικὸν
778 2039 875 2121 γένος
896 2032 933 2099 τὸ
957 2031 1084 2118 μεταξὺ
1100 2041 1165 2102 τῶν
1181 2030 1293 2121 ἄκρων

157 2133 318 2220 ἑκατέρου
340 2135 417 2219 quid
440 2138 497 2218 sit,
524 2156 585 2220 ego
608 2135 737 2220 quidem
766 2136 885 2202 nescio.
933 2136 1104 2203 Genitivus
1133 2135 1293 2223 ἑκατέροιν

156 2237 280 2304 dnobus
302 2238 430 2304 omnino
451 2237 555 2304 modis
578 2238 721 2305 construi
742 2246 861 2329 potest;
887 2246 944 2305 aut
964 2239 1048 2305 enim
1064 2239 1107 2304 ad
1122 2239 1290 2306 sublimem

155 2350 186 2406 et
214 2347 343 2406 tenuem
373 2341 589 2407 characterem
618 2340 700 2407 redit
729 2340 910 2426 pendetque
939 2362 958 2408 e
985 2362 1064 2408 voce
1096 2338 1209 2428 dapum
1237 2353 1292 2409 aut

154 2442 273 2530 pendet
287 2465 328 2510 ex
342 2443 579 2532 praepositione
594 2441 720 2526 μεταξύ
735 2445 879 2528 regitque
894 2444 1071 2528 genitivum
1087 2453 1153 2512 τῶν
1165 2441 1287 2532 ἄκρων.

153 2547 294 2614 Priorem
318 2548 584 2614 constructionem
608 2547 636 2614 si
657 2568 766 2614 veram
790 2567 863 2614 esse
890 2547 1054 2632 sumimus,
1081 2569 1210 2635 prorsus
1233 2551 1292 2616 ab·

155 2649 252 2716 surda
285 2651 435 2717 statuitur
468 2651 644 2717 sententia:
681 2651 871 2718 rhetoricum
901 2671 1005 2736 genus
1034 2652 1119 2720 inter
1149 2661 1291 2719 extrema

153 2752 292 2837 positum
308 2753 484 2838 utriusque,
509 2755 533 2820 i.
552 2775 581 2820 e.
600 2762 633 2821 et
647 2754 793 2822 sublimis
816 2761 849 2821 et
871 2755 987 2822 tenuis.
1027 2757 1171 2823 Alteram
1187 2764 1291 2824 struc-

154 2863 258 2922 turam
280 2857 451 2941 quominus
473 2859 713 2944 amplectamur,
746 2879 819 2926 cum
846 2859 1015 2926 verborum
1043 2861 1208 2927 collocatio
1230 2861 1292 2926 im-

153 2960 243 3046 pedit
257 2967 324 3026 tum
341 2961 439 3042 ratio;
466 2963 672 3046 nequeenim
695 2958 853 3045 μεταξὺ
876 2960 1079 3049 ἑκατέρου
1096 2970 1163 3030 τῶν
1178 2959 1290 3051 ἄκρων

153 3071 238 3130 recte
270 3063 334 3129 dici
367 3069 482 3150 potest.
537 3065 650 3148 Itaque
684 3086 755 3132 oum
789 3085 851 3131 vox
885 3065 1045 3152 ἑκατέρου
1078 3067 1111 3132 in
1144 3077 1289 3134 neutram

154 3167 419 3234 constructionem
453 3167 604 3251 quadret,
646 3177 737 3236 extra
769 3169 867 3235 totius
901 3170 1057 3236 enuntiati
1098 3177 1287 3238 structuram

153 3272 259 3357 posita
280 3271 363 3336 ultro
386 3290 404 3336 e
426 3269 574 3356 Dionysii
596 3271 704 3337 verbis
727 3271 856 3338 excidit.
904 3271 1007 3338 Simul
1034 3273 1187 3357 probatur
1212 3293 1289 3338 con-

152 3375 306 3440 iecturam
328 3395 423 3458 quarn
446 3373 636 3459 protulimus
659 3373 774 3440 falsam
805 3396 867 3442 non
891 3393 980 3455 esse3
1016 3395 1090 3441 unm
1112 3377 1288 3461 probabilis

152 3476 204 3559 sit,
231 3477 287 3543 alii
303 3477 534 3543 diiudicabunt.
575 3474 692 3558 Utique
706 3498 782 3544 vero
804 3497 861 3562 pro
883 3477 988 3544 verbis
1012 3474 1051 3543 ὃν
1074 3471 1173 3566 ἀτελῆ
1195 3478 1287 3564 legas

151 3587 276 3664 oportet
297 3588 412 3646 neutra
434 3577 452 3644 t
477 3573 601 3660 ἀτελὲς,
628 3586 663 3644 ut
685 3580 728 3645 ad
749 3600 858 3646 vocem
882 3585 978 3664 γένος
1001 3579 1145 3649 redeant.

235 3703 268 3766 p.
287 3684 407 3747 998nss
434 3678 519 3748 Οὔτε
541 3679 584 3746 τὰ
608 3680 957 3748 domesticarum
973 3679 1015 3746 τὰ
1026 3683 1045 3768 ¹)
1073 3681 1216 3769 περιττὰ
1231 3686 1286 3748 καὶ

150 3782 378 3871 ἐξηλλαγμένα
401 3792 462 3850 τοῦ
484 3781 656 3872 συνήθους
679 3783 839 3871 κράτιστα
861 3779 1008 3871 ἡγοῦμαι
1031 3780 1103 3852 οὔτ’
1122 3785 1194 3852 ἐπὶ
1216 3799 1287 3864 τοῖς

149 3895 340 3962 Λυσιακοῖς
362 3899 433 3964 τοῖς
456 3887 584 3970 ἰσχνοῖς
607 3889 664 3952 καὶ
686 3893 977 3970 συνεσπασμένοις
1000 3883 1060 3976 τήν
1082 3890 1214 3956 τελείαν
1228 3898 1286 3978 τής

148 3991 270 4070 λέξεως
285 3983 406 4077 ἀρετήν
421 3995 572 4073 τίθεμαι.
613 3991 663 4056 Ex
679 3991 795 4058 Graeci
819 3991 974 4058 sermonis
989 4011 1077 4060 more
1100 3995 1221 4060 scribas
1246 3993 1288 4061 ἒν

150 4107 221 4172 τοῖς
242 4101 433 4170 Λυσιακοῖς
458 4143 465 4156 .
487 4146 522 4159 ..
557 4091 618 4182 τήν
643 4144 649 4158 .
672 4146 706 4160 ..
741 4089 862 4182 ἀρετήν
889 4099 1047 4179 nidenan
1081 4097 1122 4163 cf.
1155 4119 1189 4183 p.
1209 4103 1285 4164 5412

218 4323 232 4384 ¹3
255 4315 289 4371 ric
306 4318 371 4374 add.
392 4317 490 4374 Reislr.

1046 4428 1076 4478 15
