3262 4926
798 364 1017 424 ..24-

337 549 486 616 similiter
508 549 635 617 ridetur
663 550 765 616 editor
794 551 916 634 egisse,
949 571 1020 616 oum
1051 569 1091 616 ex
1121 549 1269 616 uersibus
1293 551 1477 622 529-531

337 675 463 737 quoque
486 673 584 720 causa
606 654 709 738 petita
731 655 790 735 sit,
818 675 875 720 cur
897 657 1025 720 otu-s
1049 661 1084 720 ut
1106 655 1266 721 emblema
1289 653 1484 720 secludeudi

338 762 460 836 esseut,
478 757 679 824 occasionem
695 757 736 824 de
751 759 818 824 illis
833 745 989 824 versibus
996 757 1125 823 dicendi
1137 765 1243 843 capto.
1276 760 1381 842 Atque
1392 767 1484 824 reete

338 861 563 928 Lachmannus
586 860 676 938 dixit,
704 862 751 927 »si
774 861 907 926 formam
930 881 969 927 ae
985 861 1116 936 uincula
1130 861 1284 927 orationis
1300 861 1483 946 respicere-

339 983 419 1044 mus,
446 971 502 1029 aut
523 983 637 1029 versus
654 966 780 1028 bit-8
798 983 969 1049 superesse
984 971 1041 1029 aut
1056 967 1231 1029 uta—31«.
1272 965 1386 1048 ltaque
1405 985 1482 1030 cum

338 1066 516 1132 offensione
538 1066 606 1148 illa,
633 1086 716 1149 quae
738 1086 780 1132 err
802 1066 993 1151 repetitione
1015 1087 1165 1132 versuum

447 1169 698 1254 quodquoniam
721 1170 821 1244 docto,
844 1191 977 1254 perporo
1000 1179 1158 1234 conectere
1180 1192 1246 1234 rem
1269 1193 1350 1255 quae

447 1295 485 1335 cc
507 1272 565 1334 boc
587 1280 664 1354 apta
672 1272 775 1356 fidem
799 1273 903 1354 deccat,
924 1273 1105 1356 primordie
1125 1293 1232 1336 rerum

338 1375 510 1455 oriebatur,
527 1380 648 1442 remota
665 1378 791 1440 522-8
803 1375 836 1439 in
851 1375 909 1440 illa
924 1374 966 1441 de
980 1375 1226 1460 primordiorum
1242 1375 1352 1440 formis
1363 1374 1483 1458 dispu-

339 1478 459 1543 tatione
470 1477 590 1543 iustum
606 1478 711 1544 locum
734 1485 845 1544 tenere
864 1477 1160 1561 demonstraverim,
1176 1478 1319 1560 sequitur
1332 1481 1477 1541 tua-31

340 1579 390 1645 hic
415 1580 541 1664 spurios
564 1600 647 1646 esse.
695 1580 848 1663 Idemque
871 1579 1088 1663 adsequimur,
1116 1581 1145 1646 si
1165 1581 1273 1665 ipsum
1296 1601 1405 1646 eorum
1426 1601 1483 1644 ar-

339 1691 524 1766 gumentum
549 1683 801 1750 consideramus.
846 1683 1016 1750 Profitetur
1037 1685 1124 1749 enim
1145 1691 1240 1767 poeta
1262 1684 1310 1749 cis
1328 1683 1483 1750 uersibus

341 1806 375 1851 sc
410 1792 607 1852 ostentorum
636 1806 726 1867 esse,
760 1786 933 1871 primordia
965 1807 1005 1853 err
1034 1786 1158 1852 infinito
1187 1806 1344 1852 summam
1375 1805 1483 1853 rerum

340 1893 450 1954 tenere
472 1888 613 1972 undique
636 1890 759 1974 protelo
786 1891 956 1974 plagarum
988 1889 1182 1955 continuato.
1229 1888 1322 1967 Quod
1350 1889 1392 1954 ab
1422 1888 1483 1954 boc

340 1993 410 2058 loco
438 1994 577 2058 alienum
608 2012 680 2059 esse
711 1992 879 2074 concedet,
914 1994 1107 2075 quicumque
1132 1992 1249 2059 viderit
1276 1992 1353 2058 iude
1376 2013 1396 2056 a
1418 1996 1483 2056 532

341 2115 442 2179 usque
465 2097 507 2162 ad
530 2099 592 2162 568
615 2103 742 2181 poetam
766 2097 945 2163 accuratius
968 2097 1128 2178 inquirere
1143 2097 1176 2162 in
1192 2115 1264 2162 eam
1279 2116 1358 2178 rom,
1385 2115 1482 2179 quam

341 2209 417 2265 ante
446 2199 670 2265 contenderat:
708 2199 883 2283 primordia
916 2199 1014 2264 simili
1047 2199 1152 2283 figura
1181 2199 1325 2284 perfecta
1354 2198 1482 2264 infinita

342 2303 458 2380 cluere,
486 2322 549 2366 uon
571 2299 677 2366 inid:
702 2300 737 2365 in
760 2300 943 2367 universum
966 2302 1209 2386 primordiorum
1226 2321 1384 2367 summum
1406 2320 1482 2367 csse

342 2404 501 2470 infinitam
530 2403 596 2480 (cir.
623 2406 696 2468 567.
724 2405 742 2467 8
1358 2402 1363 2412 “

453 2531 519 2572 ease
541 2507 640 2591 r'pr'trrr
659 2529 808 2591 periere
830 2507 871 2570 ire
893 2507 1038 2590 quouis
1055 2507 1236 2590 primordie
1258 2529 1363 2570 rerum

453 2609 576 2690 r'rfinito
594 2609 764 2692 palamst,
820 2601 826 2610 ’

343 2733 449 2796 neque
467 2713 501 2778 in
518 2712 565 2778 cis
582 2713 727 2777 versibus
744 2713 912 2796 plagarum
929 2712 1047 2778 mentio
1063 2711 1109 2776 fit.
1140 2712 1241 2796 quue
1257 2711 1323 2776 iam
1339 2711 1487 2778 Gasscn-

343 2816 419 2880 dom
443 2815 646 2899 perspexisse
668 2815 894 2880 Lachmannus
918 2815 964 2880 ita
986 2822 1111 2894 narrat,
1138 2821 1173 2879 ut
1199 2815 1229 2880 ei
1253 2815 1481 2898 adstipuletur.

342 2920 464 2984 Neutra
480 2937 556 2984 vero
571 2937 680 2983 earum
699 2919 866 2990 rationum,
887 2917 1002 3001 quibus
1020 2917 1078 2982 viri
1094 2917 1181 2982 docti
1194 2917 1266 2982 illos
1283 2937 1396 2983 versus
1412 2927 1488 3001 post

343 3025 470 3086 bit-b
493 3041 623 3087 servare
646 3027 850 3104 temptarunt,
878 3020 958 3086 satis
985 3020 1192 3105 probabiliter
1214 3021 1397 3104 excogitata
1420 3029 1484 3086 cst.

343 3123 496 3188 Nonnulli
519 3123 619 3200 enim,
646 3131 681 3188 ut
703 3123 918 3207 Bernaysius,
949 3124 1197 3207 Purmaunus¹),
1230 3123 1379 3203 Pollius²l
1408 3131 1486 3189 aute

344 3230 406 3290 529
436 3227 584 3292 lacunam
613 3233 802 3306 statuerunt,
833 3226 866 3290 in
889 3246 963 3308 qua,
990 3233 1026 3291 ut
1048 3226 1168 3311 opinor,
1196 3245 1347 3310 generum
1370 3227 1487 3310 siugu-

342 3331 444 3395 lorum
461 3328 725 3412 significationem
742 3329 816 3394 olim
833 3328 969 3394 infuisse
984 3329 1199 3413 suspicantur.
1226 3331 1267 3394 At
1279 3339 1313 3394 ut
1325 3330 1483 3399 omittam.

286 3449 294 3458 ·
343 3433 390 3498 sic
412 3451 541 3498 versum
564 3435 623 3495 531
657 3450 787 3515 prorsus
810 3429 1006 3515 superfluum
1033 3431 1174 3496 futurum
1201 3431 1311 3510 fuisse,
1339 3432 1488 3498 uersibus

344 3538 471 3600 ott-8
488 3535 568 3600 satis
590 3534 843 3599 demonstratum
866 3541 934 3599 crat
954 3534 1106 3599 similium
1123 3535 1295 3600 formarum
1311 3536 1490 3620 primordia

345 3658 418 3704 esse
433 3637 569 3718 infinita,
590 3645 625 3702 ut
640 3644 753 3720 poetae
769 3637 849 3701 nibil
871 3636 1091 3703 demonstrare
1111 3645 1297 3722 superesset
1311 3637 1374 3703 nisi
1390 3658 1432 3702 ue
1448 3659 1489 3705 eo

344 3741 473 3826 quidem
496 3761 587 3806 suam
612 3739 805 3805 sententiam
828 3739 1026 3820 labefactari,
1053 3739 1136 3823 quod
1156 3740 1315 3823 quaedam
1331 3741 1490 3806 animalia

344 3866 419 3911 rara
434 3852 552 3912 esseut.
593 3843 694 3909 Aliter
709 3862 812 3925 neque
830 3843 1050 3927 imprudenter
1064 3843 1229 3909 Muuroius
1245 3863 1357 3909 versus
1375 3844 1412 3909 in
1427 3845 1491 3912 boc

344 3955 494 4014 contextu
523 3947 661 4012 retinere
691 3953 824 4011 conatus
847 3952 914 4025 cst,
940 3966 1011 4012 cum
1034 3947 1102 4011 solo
1125 3947 1298 4010 octmdam
1322 3947 1357 4013 in
1380 3957 1490 4012 octen-

344 4053 389 4115 dc
397 4073 436 4116 res
453 4058 574 4117 mutato
586 4050 627 4116 ad
639 4049 682 4126 id,
694 4047 780 4130 quod
788 4049 958 4126 antecedit,
977 4053 1057 4130 {528}
1070 4050 1107 4112 r'd
1113 4051 1198 4134 quod
1206 4072 1269 4112 oron
1277 4071 1342 4114 cese
1348 4052 1497 4133 probari

417 4279 432 4337 ¹,
455 4281 563 4344 qrracst.
585 4273 710 4328 Luubon.
732 4271 767 4336 ll,
790 4275 814 4324 5.
853 4289 856 4295 ·
887 4274 905 4331 ²}
929 4273 1063 4340 Philolog.
1086 4273 1190 4338 XXVI,
1211 4275 1269 4324 318.
