3258 4928
580 449 624 460 -
671 413 755 496 [soe]
800 450 845 460 -
1220 418 1283 480 219

236 620 268 684 p.
287 601 410 665 9481sss
435 592 491 664 Ἐν
512 598 549 664 δὲ
575 649 582 663 .
604 647 639 664 ..
665 607 712 686 τῷ
740 602 821 687 περὶ
843 607 903 668 τοῦ
926 599 1098 689 στεφάνου
1120 608 1286 691 γραφέντι

152 700 238 788 λόγῳ
263 752 271 766 .
292 753 328 766 ..
355 697 442 769 οὕτω
472 699 534 790 την
563 701 719 771 διάνοιαν
747 701 947 792 ἐσχημάτικε
1068 727 1102 792 p.
1120 709 1198 772 9499
1227 709 1285 772 καλ

153 805 188 872 ίν
210 803 261 884 οίς
284 803 361 884 τοὺς
383 803 611 892 προδιδόντας
633 815 679 893 τῷ
695 809 861 892 Φιλίππῳ
883 806 926 873 τὰ
944 807 1129 895 πράγματα
1144 807 1285 878 πάντων

153 909 278 987 αἰτίους
307 897 497 997 ἀποφαίνοι
526 917 592 977 τάν
620 909 882 999 συμβεβηκότων
909 925 981 989 τοῖς
1001 906 1137 1000 ’Ἕλλησι
1159 920 1279 996 κακῶν,

152 1013 235 1079 κατὰ
257 1015 349 1094 λέξιν
370 1008 478 1092 οὕτως
500 1012 653 1100 γράφων.
699 1015 761 1081 Pro
784 1013 935 1103 γράφων,
969 1017 1054 1100 quod
1079 1018 1167 1084 nullo
1189 1018 1283 1085 modo

151 1118 224 1187 ierri
246 1127 363 1204 potest,
389 1120 521 1186 verbum
543 1118 667 1186 finitum
689 1120 781 1204 legas
803 1117 939 1206 γράφει.

691 1327 733 1392 Χ.

395 1449 434 1500 In
451 1449 569 1500 libnrm
587 1449 626 1501 ds
643 1450 866 1502 Demosthenis
884 1449 1031 1503 diutione.

232 1588 268 1652 P.
287 1591 393 1653 959sss
412 1579 460 1652 ‘H
485 1579 516 1673 [λη’
529 1585 571 1670 λῇ
598 1586 661 1670 μὲν
684 1575 745 1652 οὖν
763 1584 992 1672 Θρασυμάχου
1010 1588 1109 1672 λέξις,
1136 1585 1154 1676 ἢ
1178 1587 1280 1678 λοιπή

148 1717 196 1770 τις
218 1675 260 1780 ἦν
281 1685 388 1767 ὅντως
410 1697 468 1778 τῆς
489 1687 691 1777 μεσότητος,
725 1683 830 1778 αὐτὴν
858 1687 919 1780 τὴν
947 1697 1148 1780 προαίρεσιν
1174 1691 1282 1760 ἔοικεν

147 1795 236 1880 ἔχειν
269 1793 419 1882 σπουδῆς
457 1787 557 1874 ἀξίαν
588 1793 632 1858 Μ.
686 1793 826 1861 Verbum
860 1791 961 1881 λοιπή
996 1803 1177 1882 corruptum
1209 1817 1282 1863 esse

144 1906 290 1986 apparet.
330 1899 414 1964 Num
438 1898 519 1964 forte
535 1897 711 1984 Dionysius
728 1898 856 1984 scripsit
879 1895 896 1986 ἢ
919 1897 1029 1988 πηγή
1053 1923 1104 1978 τις
1120 1889 1160 1988 ἦν
1176 1895 1281 1980 ὄντος

146 2011 202 2090 της
224 2000 431 2088 μεσότητοςί
467 2001 517 2067 Cf.
544 2022 576 2086 p.
596 2005 673 2066 590⁶
698 1993 714 2088 ἡ
735 1995 862 2067 ’ίσαίου
884 2001 973 2081 λέξις
995 2001 1106 2090 πηγή
1131 2027 1190 2089 τις
1213 1999 1280 2070 όν-

146 2131 222 2184 τιος
245 2104 316 2170 ἐστὶ
339 2111 396 2190 της
418 2109 666 2191 Δημοσθένους
688 2100 873 2186 δυνάμεως.
1064 2137 1065 2140 “

230 2229 262 2293 p.
282 2209 389 2272 962ess
411 2206 516 2273 Locus
538 2207 712 2272 lacunosus
734 2207 767 2271 in
790 2207 1002 2273 Ambrosiuuo
1023 2207 1070 2274 itu
1092 2208 1274 2275 exhibetur:

195 2331 294 2386 lacuna
314 2329 421 2380 10-11
442 2327 496 2382 litt.
522 2322 639 2396 κράτους
663 2327 735 2388 λέξις
757 2325 788 2385 ὃς
810 2327 948 2397 μέγιστον
969 2324 1062 2398 ὄνομα
1080 2326 1111 2382 ἐν
1135 2334 1193 2388 τοῖς
1215 2327 1278 2396 isse

311 2415 422 2468 11-12
441 2413 495 2466 litt.
551 2409 647 2482 ἀγῶνα
665 2411 719 2484 μὲν
737 2409 799 2465 οὔτ’
816 2411 891 2467 ἴδιον
910 2411 973 2467 οὔτε
992 2410 1131 2486 δημόσιον
1148 2413 1252 2470 οὐδένα

311 2499 421 2552 16-18
440 2499 495 2552 litt.
661 2499 786 2569 οαμένου
804 2495 921 2572 γραφὰς
940 2500 970 2555 δὲ
989 2501 1199 2571 συνταξαμένου

142 2583 248 2643 πολλὰς
265 2585 312 2638 καὶ
329 2581 416 2644 καλὰς
433 2581 474 2643 τίς
485 2583 608 2638 ’ἅπασαν
625 2583 721 2639 είδὲαν
738 2581 834 2653 λόγων
846 2583 945 2638 ὅντινα
962 2587 1137 2660 χαρακτῆραΙ
1152 2586 1200 2642 foi.
1218 2590 1278 2640 1001

141 2671 218 2741 ἔχειν
235 2668 369 2742 ἐφαίνετό
387 2690 437 2742 μοι
456 2669 647 2726 διαπλειόνιον
663 2672 718 2743 μὲν
735 2668 862 2737 ἐδήλωσα
881 2669 1025 2745 πρότερον.

228 2775 265 2840 lu
288 2775 410 2842 lacunis
433 2775 603 2859 Sylburgio
626 2775 813 2861 plerumque
842 2783 1016 2861 praeeunte
1046 2777 1214 2864 explendis
1243 2777 1276 2844 id

140 2881 228 2946 nullo
244 2879 338 2946 modo
353 2879 479 2946 effieere
494 2879 592 2965 potui,
619 2887 655 2945 ut
669 2881 768 2946 verbu
785 2881 935 2966 suppletu
956 2881 1075 2946 iustum
1097 2881 1276 2948 litterarum

138 3003 306 3051 numerum
323 2983 585 3066 adsequerentur,
610 3003 713 3068 neque
733 2993 839 3050 tumen
861 2984 935 3052 ideo
957 2992 1107 3051 aeonatu
1123 2985 1277 3052 reseden-
1330 3005 1334 3016 ·

139 3074 216 3154 duni
234 3087 362 3173 putavi;
389 3087 538 3152 nimirum
554 3087 659 3154 scriba
680 3089 732 3153 vel
747 3088 942 3174 exemplaris
957 3088 1010 3154 vel
1024 3088 1126 3174 ipsius
1141 3089 1277 3156 Ambro-

137 3191 223 3258 siani
245 3191 307 3258 etsi
321 3190 477 3276 plurimas
492 3189 625 3256 lacunas
647 3197 797 3258 accurate
819 3189 1021 3275 significavit,
1048 3209 1275 3276 nonuunquam

137 3302 246 3362 tumen
262 3292 487 3379 neglegentius
503 3292 611 3378 egisse
623 3292 760 3360 videtur.
792 3293 830 3358 In
844 3293 947 3378 primo
962 3301 1048 3359 uerte
1059 3313 1154 3360 versu
1169 3293 1275 3360 hiatus

137 3398 275 3482 amplior
296 3403 356 3476 est,
382 3396 458 3480 quis
472 3395 504 3461 iu
520 3396 693 3462 vetustiore
712 3395 831 3476 codiee,
851 3403 887 3461 ut
902 3396 970 3462 fere
984 3395 1030 3478 fit,
1056 3403 1187 3482 propter
1200 3396 1275 3463 nori

135 3499 255 3584 cepitis
276 3500 402 3566 initium
424 3499 458 3564 in
479 3499 551 3584 ipso
566 3519 660 3566 versu
676 3500 814 3584 spatium
830 3499 962 3582 aliquod
976 3519 1113 3566 vacuum
1129 3501 1274 3568 relietum

134 3608 223 3680 erut;
249 3603 291 3667 ef.
310 3621 384 3687 pag.
396 3607 449 3666 57.
497 3603 615 3668 Locum
632 3602 804 3687 Sylburgio
822 3601 890 3670 iere
906 3602 987 3669 duee
1002 3602 1049 3668 ita
1063 3602 1271 3670 restituerim:

225 3698 292 3792 (Ἡ
313 3699 589 3792 δ”ίσο)κράτους
611 3707 699 3784 λέξις
728 3713 789 3772 τοῦ
817 3711 978 3790 μέγιστον
1007 3699 1114 3788 ὄνομα
1145 3704 1183 3772 έν
1203 3718 1275 3784 τοῖς

138 3801 314 3895 Ἕλλη<οιν
330 3805 388 3872 ἐπί
410 3813 545 3895 σοφίη
568 3806 747 3894 ἐσχηκότος
762 3807 836 3897 καί)
860 3803 973 3893 ἀγδινα
987 3809 1051 3892 μέν
1066 3802 1137 3874 οὔτ’
1156 3808 1275 3875 ίδιω-

138 3907 261 3977 τικὸν
283 3905 359 3977 οάττ
383 3908 547 3998 δημόσιον
573 3905 694 3977 οὐδένα
710 3905 864 3998 (πώποτ’
882 3905 1164 3999 ἀγωνι)σαμένου,
1192 3936 1274 3998 γρα-

135 4010 208 4101 φὰς
231 4013 267 4080 δὲ
290 4015 545 4097 συνταξαμένου
574 4011 705 4092 πολλὰς
733 4015 791 4080 καί
813 4009 919 4092 καλὰς
945 4012 995 4091 είς
1016 4007 1158 4081 ἀπασαν
1180 4014 1274 4082 ἰδέαν

132 4115 248 4202 λόγων
268 4119 339 4183 κτλ.
1287 4138 1302 4187 5

224 4222 348 4288 versi
377 4241 435 4305 pro
464 4218 522 4286 ίπί
549 4217 663 4306 λόγοις
685 4221 850 4307 Sylburgii
876 4221 1059 4288 coniectura
1086 4223 1185 4290 malui
1214 4222 1273 4291 δπλ

135 4329 247 4411 σοφίᾳ
269 4325 418 4407 seribere,
444 4325 486 4392 el.
511 4345 544 4410 p.
563 4329 669 4390 5351ss
691 4321 872 4410 γενόμενος
886 4319 921 4391 δ’
936 4319 1101 4414 ἀκουστὴς
1120 4329 1175 4410 (se.
1187 4322 1273 4395 Ἰσο-
