3258 4928
324 374 385 437 ιον
756 409 800 420 -
848 372 932 455 [aas]
978 407 1022 418 -

322 555 415 628 εἶναι
437 561 555 644 λέγων,
579 580 683 645 noque
705 581 781 626 vero
795 559 939 628 condicio
955 559 1066 626 codem
1085 566 1146 640 est,
1171 580 1242 626 cnm
1264 558 1368 645 priore
1389 559 1458 626 loco

322 662 438 732 demtis
471 663 626 730 Dinarchi
664 664 862 749 computatio
898 663 1037 748 pendeat
1071 683 1112 729 ex
1148 663 1278 730 certis
1315 662 1455 744 annis,

321 769 423 835 altero
445 788 485 834 cx
514 767 790 835 orationibus.
836 766 934 852 Atqui
957 787 1041 850 quae
1063 765 1104 834 de
1126 771 1304 852 temporum
1326 766 1458 833 rationi-

320 872 386 938 bns'
405 871 616 956 proferuntur,
650 871 809 956 capitibus
833 870 1102 956 praecedentibus
1124 871 1267 955 genuina
1288 889 1360 937 esse
1385 891 1460 956 pro-

321 975 433 1053 baton
471 973 557 1040 unde
584 974 728 1058 sequitur
755 975 854 1042 verba
883 981 949 1040 τῶν
982 974 1045 1056 μέν
1076 971 1308 1061 πρεσβύτερον
1341 967 1453 1056 αὐτόν,

322 1085 387 1144 τῶν
409 1077 446 1144 δὲ
468 1075 632 1164 νεώτερον
654 1071 743 1145 εἶναι
764 1079 873 1162 λέγων
894 1077 1052 1164 Dionysio
1081 1097 1144 1145 non
1173 1077 1293 1161 deberi,
1326 1078 1384 1144 sed
1409 1078 1461 1143 in-

322 1190 430 1266 eptam
454 1201 526 1250 csse
549 1181 799 1268 explicationem
822 1201 843 1246 a
864 1181 974 1249 nescio
996 1201 1059 1265 qno
1080 1181 1285 1267 adscriptam.
1335 1181 1458 1249 Deinde

323 1285 481 1370 Krnegeri
511 1285 694 1353 coniectura
716 1306 734 1352 ε
756 1285 904 1371 Dionysii
933 1285 1087 1369 loquendi
1113 1305 1172 1352 usn
1200 1285 1390 1370 corrigenda
1411 1295 1459 1354 est

322 1385 411 1475 πρὸς
439 1395 486 1474 τῷ
516 1389 623 1477 μηδὲν
650 1383 742 1474 ὑγιὲς
771 1389 880 1475 λέγειν
906 1389 964 1454 καὶ
993 1385 1113 1474 λόγους
1147 1381 1281 1455 αὐτοῦ
1312 1389 1459 1466 πολλοὺς

324 1486 518 1578 ἀφελεῖται,
551 1491 592 1559 cf.
616 1514 650 1578 p.
669 1495 760 1558 66512
784 1489 816 1557 οἱ
838 1496 1085 1579 Δημοσθένους
1108 1485 1357 1579 ἀφαιρούμενοι
1384 1499 1460 1558 τοῦ·

323 1619 383 1662 τον
404 1592 591 1680 τὸνλόγον.
639 1599 746 1662 oseas
769 1589 984 1682 ἀφαιροῦμαι
1005 1594 1041 1661 δὲ·
1065 1595 1122 1658 καὶ
1144 1592 1222 1672 τούς
1243 1596 1325 1681 περὶ
1347 1601 1460 1662 Μενε-

325 1701 471 1780 σαίχμου
493 1695 614 1782 λόγους
638 1691 854 1785 ἀμφοτέρους
876 1692 989 1764 αὐτοῦ.
1038 1701 1130 1763 tana
1153 1705 1270 1764 πᾶσαν
1292 1692 1460 1785 ἀφαιρού-

323 1823 425 1884 μενος
459 1798 668 1888 ἐπιχείρησιν
705 1808 771 1868 τῶν
803 1800 1010 1887 χαρίζεσθαι
1045 1803 1264 1884 βουλομένων
1297 1796 1388 1888 αύτῷ
1420 1800 1461 1866 τὰ

324 1899 369 1990 μὴ
400 1900 626 1992 προσήκοντα.
678 1909 768 1972 157ιε
797 1903 827 1971 τί
849 1911 932 1990 γοῦν
956 1902 994 1970 τό
1018 1915 1037 1969 Ξ
1060 1905 1109 1983 τίς
1140 1898 1264 1991 ἀφέλοι
1293 1911 1352 1993 της
1382 1907 1462 1972 συλ-

324 2006 441 2094 λαβῆς.
480 2008 519 2072 Α.
538 2008 577 2073 R.
596 2009 667 2074 136
690 2029 723 2094 p.
742 2011 798 2074 432
821 2008 960 2075 Kiessl.:
997 2003 1132 2095 ἀφελὼν
1155 2005 1192 2073 τὸ
1215 2008 1373 2091 μυθῶδες
1402 2015 1463 2075 τοῦ

323 2105 437 2194 λόγου.

410 2235 442 2299 p.
464 2215 584 2280 6391oss
616 2211 744 2300 Καιρός
766 2208 828 2301 ἤδη
852 2214 909 2278 καὶ
938 2214 1100 2298 περὶτοῦ
1121 2220 1333 2301 χαρακτῆρος
1359 2207 1464 2280 αὐτοῦ

327 2316 447 2401 λέγειν.
480 2315 552 2382 ἔστι
570 2316 606 2382 δὲ
629 2313 907 2402 δυσόριστον·
942 2309 1041 2382 οὐδέν
1062 2313 1126 2402 γὰρ
1149 2311 1225 2383 ούτε
1249 2313 1365 2384 κοινὸν
1387 2312 1461 2384 οὔτ’

324 2418 413 2486 ἴδιον
440 2418 547 2503 ἔσχεν,
582 2414 656 2487 οὔτ’
681 2419 718 2487 έν
747 2432 817 2497 τοῖς
841 2419 990 2502 ἰδίοις,
1025 2414 1099 2487 οὔτ’
1125 2419 1162 2488 έν
1188 2432 1259 2498 τοῖς
1289 2420 1463 2509 δημοσίοις

326 2517 469 2609 ἀγῶσιν·
511 2517 597 2589 ἀλλά
625 2526 682 2589 καὶ
715 2535 786 2600 τοῖς
815 2521 1222 2626 Λυσίουινιαραιτλησιός
1253 2523 1344 2591 ἐστιν
1374 2520 1464 2592 όιτου

325 2630 455 2711 γίνεται
482 2627 538 2692 καί
562 2639 633 2705 τοῖς
652 2621 854 2715 Ὑπερείδου
881 2627 938 2692 καὶ
965 2639 1037 2704 τοῖς
1058 2632 1305 2715 Δημοσθένους
1327 2627 1460 2715 λόγοις·

326 2730 382 2794 καί
413 2727 542 2797 τούτων
564 2729 676 2796 πολλὰ
705 2728 751 2818 δή
782 2753 845 2810 τις
873 2729 961 2812 ἔχει
990 2731 1251 2816 παραδείγματα
1280 2729 1461 2798 ἐκθέσθαι.

326 2829 540 2918 Δυσόριστον
571 2855 634 2900 non
667 2841 753 2901 recte
790 2835 857 2919 legi
890 2854 1029 2918 sequens
1062 2835 1260 2902 enuntiatum
1293 2844 1461 2922 monstrat,

326 2936 564 3022 propterquod
587 2936 730 3022 corrigas
753 2933 1029 3024 (innocensve,
1056 2957 1102 3004 sc.
1128 2931 1146 3003 ό
1169 2937 1353 3026 χαρακτήρ.

413 3039 540 3107 Deinde
567 3061 631 3107 non
660 3040 722 3106 hoc
743 3041 846 3107 solnm
868 3041 955 3124 loco,
990 3039 1048 3107 sed
1069 3040 1146 3107 alibi
1169 3041 1265 3109 etiam
1288 3042 1464 3110 scribarum

327 3163 414 3210 error
427 3144 557 3210 tollatur
580 3141 748 3222 ἰδιωτικός
766 3151 800 3211 et
813 3143 900 3222 ἴδιος
915 3143 1187 3212 confundentium.
1221 3140 1319 3212 ''Idtoe
1339 3140 1465 3231 ἀγῶνες

327 3246 356 3313 ci
379 3254 463 3330 snat,
489 3247 523 3313 in
545 3247 660 3332 quibus
682 3247 722 3314 de
745 3248 813 3314 snis
835 3248 931 3316 rebus
953 3247 982 3314 is
1004 3247 1058 3332 qni
1080 3249 1179 3316 verba
1204 3249 1281 3315 iacit
1309 3249 1461 3332 loquitar,

327 3349 427 3417 veluti
450 3349 490 3416 de
505 3351 598 3417 Dem.
617 3371 649 3436 p.
672 3353 811 3417 tonnas
835 3345 925 3418 ὅπου
946 3347 1009 3436 γὰρ
1033 3344 1127 3438 ἡμεῖς
1153 3401 1159 3414 .
1181 3401 1187 3414 .
1210 3401 1217 3416 .
1244 3345 1350 3428 ούτως
1373 3345 1467 3418 ύιια-

326 3449 461 3538 γόμεθα
484 3455 541 3518 καλ
563 3451 784 3539 κρατούμεθα
810 3505 816 3520 .
839 3505 873 3521 ..
899 3460 971 3532 πῶς
994 3451 1069 3520 τότε
1091 3452 1272 3542 Ἀθηναῖοί
1294 3456 1409 3521 τεκαὶ
1433 3455 1466 3522 oi

328 3550 595 3644 ἀλλοιἝλληνες
625 3554 746 3644 ἤγοντο
776 3552 844 3624 ύιτὸ
868 3564 929 3625 τοῦ
952 3552 1075 3642 ἀνδρὸς
1102 3555 1175 3624 έιιλ
1204 3564 1283 3625 τῶν
1305 3553 1467 3646 ἀληθι-

326 3667 409 3727 νῶν
436 3684 478 3727 τε
508 3662 578 3726 καί
609 3659 731 3728 ίδίιον
759 3655 931 3747 ἀγώνιον
961 3654 1092 3727 advoc
1121 3662 1324 3747 λέγοντος
1351 3661 1467 3728 ἐκεί-

326 3789 403 3831 νου
432 3761 480 3828 τά
509 3763 664 3832 ἑαυτοῦ
693 3761 778 3848 μετά
808 3771 867 3853 της
898 3759 1066 3844 ἀξιώσεως
1095 3754 1133 3851 ἧς
1162 3759 1231 3848 εἶχε
1258 3763 1318 3852 τὴν
1340 3758 1467 3832 αύτο-

327 3864 530 3935 ιιύθεισν.
578 3867 697 3936 Contra
711 3869 886 3956 δημοσίοις
902 3862 1027 3954 ἀγῶσιν
1048 3869 1186 3954 oppositi
1204 3875 1278 3935 sunt
1301 3867 1466 3958 ἰδιωτικοὶ

329 3964 463 4054 ἀγῶνες,
498 3990 615 4038 consae
638 3971 793 4058 privatae,
827 3972 926 4038 veluti
948 3992 980 4057 p.
1001 3974 1121 4036 9441⁷ss
1144 3967 1205 4048 τὰς
1228 3971 1264 4036 δὲ
1287 3971 1467 4039 πολυπλό-

329 4097 408 4150 κους
430 4071 563 4161 νοήσεις
585 4075 641 4139 καλ
664 4071 776 4141 πολλὰ
798 4073 965 4163 δηλούσας
988 4072 1024 4140 ἐν
1042 4067 1167 4158 όλίγοις
1187 4071 1408 4162 ...έζήλιοσέ
1431 4099 1466 4142 τε

334 4177 389 4258 (sc.
411 4169 428 4242 ό
452 4181 689 4266 Δημοσθένης)
709 4179 766 4244 καί
782 4183 976 4266 προσέθηκε
999 4187 1069 4253 τοῖς
1091 4199 1125 4240 τε
1150 4175 1386 4264 δημηγορικοῖς
1409 4180 1468 4245 καί

330 4289 401 4355 τοῖς
424 4279 608 4356 δικανικοῖς
631 4278 744 4365 λόγοις
768 4271 894 4368 ἦττον
922 4280 998 4364 μέν
1021 4277 1092 4344 tal
1115 4285 1195 4345 τῶν
1224 4279 1462 4366 ίδιιοτικῶν,
