3280 4934
334 363 375 428 εν
765 404 803 412 --
853 366 949 448 [ios]
997 403 1037 412 -

332 560 451 626 indicet
478 560 541 624 iam
564 564 632 624 tum
655 559 789 625 discidia
811 559 867 626 illa
890 559 974 625 iuter
992 561 1310 626 Lacedaemoniorum
1332 581 1422 644 reges
1445 565 1478 624 et

331 667 527 751 Lysandrum
563 667 689 731 initium
726 669 858 750 cepisse,
898 689 979 752 quac
1015 690 1086 733 moa
1121 668 1280 732 sententia
1314 666 1478 752 Lysandro

332 774 479 860 Spartam
505 795 630 839 reverso
658 774 783 840 demum
812 781 922 840 exorta
949 783 1031 841 sunt.
1077 775 1189 858 ltaque
1219 774 1279 840 hoc
1306 775 1479 840 tenendum

333 901 540 958 succenseo,
563 901 622 946 nec
643 901 720 965 pace
739 883 833 947 semel
856 888 986 966 accepta
1008 882 1073 947 ullo
1096 883 1189 948 modo
1209 872 1349 947 futurum
1372 880 1479 958 firisse,

332 997 375 1054 ut
391 989 567 1054 lenirentur
585 989 793 1066 condiciones,
810 1009 868 1055 nec
891 990 931 1056 de
952 989 1107 1056 leniendis
1125 1012 1221 1056 sanae
1239 990 1354 1056 mentis
1376 990 1479 1056 homi·

334 1117 406 1162 uem
430 1097 570 1179 cogitare
592 1097 740 1179 potuisse.

420 1203 590 1268 Praeterea
621 1203 680 1268 tali
711 1204 828 1268 rationi
864 1225 969 1268 rerum
1001 1204 1249 1269 ordinandarum
1281 1203 1378 1270 verba
1409 1204 1480 1289 ipsa

331 1311 444 1394 Lysiae
467 1311 604 1376 obstant.
641 1309 668 1373 E
691 1310 796 1376 verbis
819 1312 902 1375 enim
925 1303 988 1376 οὐκ
1008 1306 1137 1392 ἔφασαν
1157 1309 1348 1397 ἐπιτρέψειν
1371 1321 1480 1378 ταῦτα

330 1413 490 1502 γενέσθαι
509 1469 515 1482 .
532 1467 539 1480 .
555 1466 586 1482 .,
607 1408 694 1496 οὐδ’,
713 1407 759 1494 ὥς
778 1418 860 1499 φασί
878 1440 976 1497 τινες,
995 1411 1057 1483 οὐκ
1078 1417 1323 1503 ἐπιθυμοῦντες
1342 1416 1479 1508 εἰρήνην

331 1525 519 1609 γίγνεσθαι,
547 1515 630 1588 ἀλλὰ
657 1519 858 1607 βουλόμενοι
884 1526 1004 1604 βελτίω
1032 1521 1153 1612 ταύτης
1180 1522 1315 1613 εἰρήνην
1337 1523 1478 1612 ποιήσα-

333 1635 426 1696 σθαι·
452 1626 607 1714 ἐνόμιζον
630 1630 665 1696 δὲ
690 1626 895 1717 δυνήσεσθαι
917 1633 974 1696 καὶ
997 1628 1144 1718 ἔπραξαν
1167 1625 1209 1698 ἂν
1233 1641 1353 1712 ταῦτα,
1381 1633 1410 1698 εἰ
1433 1625 1474 1718 με’

332 1730 390 1806 ὑπ’
410 1731 587 1824 Ἀγοράτου
605 1737 747 1804 τουτουῒ
763 1727 943 1804 ἀπώλοντο
962 1739 1064 1825 (lllll,
1081 1739 1131 1817 15,
1149 1740 1203 1826 16)
1222 1742 1299 1806 satis
1319 1742 1423 1807 elucet
1440 1763 1479 1807 eo

331 1853 474 1930 tempore
492 1847 631 1911 nondum
649 1867 759 1929 pacem
777 1844 894 1912 factam
913 1845 1017 1924 fuisse,
1040 1869 1110 1912 cum
1129 1847 1163 1912 id
1187 1849 1288 1931 ipsum
1308 1849 1479 1933 prohibere

332 1954 510 2029 studerent,
547 1953 712 2036 quominus
748 1975 811 2037 pax
847 1953 1093 2018 concluderetur.
1148 1954 1312 2021 Rcuuerus
1349 1956 1479 2039 quidem

331 2085 361 2146 p.
387 2061 437 2138 16,
463 2081 503 2124 ne
527 2059 605 2125 haec
627 2061 724 2126 verba
746 2060 881 2136 obstent,
910 2061 955 2125 ita
978 2061 1107 2144 expedit
1129 2083 1203 2139 rem,
1230 2068 1267 2126 ut
1294 2062 1391 2127 verba
1415 2055 1479 2128 οὐκ

332 2163 462 2250 ἔφασαν
480 2189 579 2251 usque
598 2167 640 2233 ad
663 2163 796 2254 εἰρήνην
815 2162 1024 2253 ποιήσασθαι
1046 2168 1088 2232 ad
1106 2189 1264 2234 sermones
1282 2168 1480 2236 Theramene

332 2294 457 2341 reverso
474 2273 610 2351 habites,
632 2275 666 2338 in
685 2274 799 2358 quibus
818 2274 1082 2340 Lacedaemonios
1100 2276 1185 2358 ipsos
1203 2281 1299 2340 antea
1316 2277 1480 2342 meliorem

330 2403 440 2466 pacem
462 2383 662 2466 proposuisse
685 2382 936 2458 recordarentur,
958 2380 1090 2458 referat,
1118 2382 1222 2460 verbis
1245 2381 1319 2447 inde
1343 2405 1480 2467 sequen-

331 2488 418 2555 tibus
441 2511 521 2572 quae
544 2496 616 2572 post
638 2509 747 2572 pacem
770 2493 931 2572 acceptam
953 2487 1001 2553 illi
1023 2489 1126 2553 moliti
1145 2495 1249 2554 esseut
1268 2529 1310 2538 —
1328 2511 1367 2555 ac
1385 2489 1480 2556 facile

329 2595 501 2680 perfecturi
525 2596 659 2662 fuissent
682 2595 878 2660 —indicari
901 2601 1034 2661 censeat.
1082 2595 1124 2661 At
1147 2617 1266 2674 vereor,
1288 2619 1328 2662 nc
1351 2597 1479 2663 Renne-

330 2725 384 2770 ms
416 2701 528 2786 Lysiae
560 2703 656 2769 verba
687 2725 751 2768 non
783 2709 849 2766 tam
882 2703 1111 2786 interpretetur
1142 2725 1236 2786 quam
1268 2705 1309 2769 ad
1342 2704 1481 2770 aberam

330 2811 519 2876 senteutiam
546 2809 704 2875 detrabat.
755 2809 910 2888 Quoniam
943 2811 1025 2874 enim
1059 2833 1098 2875 ue
1131 2831 1192 2876 uno
1225 2811 1353 2894 quidem
1381 2811 1480 2876 verbo

330 2938 440 3002 pacem
464 2917 643 2982 conclusam
662 2937 729 2982 esse
747 2923 971 2982 commemorat
989 2917 1109 3001 Lysias,
1127 2917 1290 2982 Renncrus
1310 2918 1337 2982 si
1360 2917 1481 2984 iudicio

221 3039 223 3043 ·
332 3027 456 3109 integro
484 3047 523 3090 ao
545 3023 646 3088 libero
669 3044 745 3088 usus
768 3029 864 3100 osset,
891 3024 943 3087 vix
965 3025 1142 3108 posteriora
1164 3023 1261 3089 verba
1288 3025 1330 3089 ad
1353 3031 1481 3109 tempus

330 3138 403 3216 post
425 3153 536 3216 pacem
559 3135 720 3214 acceptam
743 3131 928 3195 rettulisset.

419 3239 509 3317 Quod
537 3245 643 3303 autem
670 3237 888 3321 gravissimum
915 3245 977 3314 est,
1009 3237 1112 3302 verbis
1140 3238 1345 3320 sequentibus
1376 3230 1482 3322 γνοὺς

289 3351 296 3366 ’
330 3345 366 3412 δὲ
394 3353 500 3411 ταῦτα
530 3343 723 3431 Θηραμένης
754 3345 811 3408 καὶ
842 3341 873 3408 ci
907 3337 1002 3408 ἄλλοι
1031 3341 1063 3409 οἱ
1096 3339 1372 3424 ἐπιβουλεύοντες
1401 3337 1482 3429 ὑμῖν

330 3505 421 3520 ....
447 3450 589 3532 εἵλοντο,
616 3453 711 3535 πρὶν
738 3441 809 3536 τὴν
837 3449 1050 3536 ἐκκλησίαν
1073 3443 1143 3537 τὴν
1166 3452 1257 3534 περὶ
1284 3458 1359 3538 τῆς
1375 3448 1481 3538 εἰρή-

330 3585 397 3648 νης
419 3559 625 3645 γενέσθαι,
648 3553 792 3633 τούτους
814 3565 953 3641 πρῶτον
973 3556 1019 3634 εἰς
1043 3548 1199 3638 διαβολὰς
1217 3559 1274 3622 καὶ
1296 3554 1482 3636 κινδύνους

329 3674 534 3755 καταστῆσαι
562 3665 668 3752 (11111,
700 3665 753 3748 17)
787 3663 896 3748 Lysias
928 3670 1037 3747 aperte
1069 3665 1159 3740 dicit,
1192 3665 1275 3729 vircs
1307 3665 1483 3747 populares

328 3781 403 3841 ante
431 3796 540 3859 pacem
567 3777 728 3856 acceptam
756 3777 863 3855 captos
892 3792 972 3847 esse,
1004 3793 1074 3836 cum
1102 3769 1148 3835 illi
1181 3778 1254 3855 post
1284 3793 1396 3855 pacem
1425 3795 1481 3838 ac·

329 3887 452 3967 ceptam
476 3882 511 3946 id
533 3879 653 3946 lactum
676 3878 782 3943 velint

418 3988 500 4054 Nam
532 3985 679 4052 Scheibio
708 3985 752 4070 (p.
779 3984 857 4069 165)
885 3985 974 4050 nulla
1005 3983 1083 4049 fidos
1115 3983 1276 4060 habenda,
1308 3985 1364 4067 qui
1397 3985 1484 4052 hauc

328 4097 507 4163 contionem
533 4095 574 4159 dc
601 4114 678 4178 pace
705 4092 849 4158 habitam
871 4114 934 4157 non
958 4092 1115 4157 diversam
1142 4095 1234 4174 putat
1261 4111 1329 4156 esse
1352 4092 1394 4156 ab
1425 4092 1484 4158 illa

328 4204 406 4288 περὶ
428 4210 486 4288 τῆς
508 4202 679 4278 πολιτείας
706 4200 831 4276 habita,
859 4220 939 4282 quae
967 4200 1031 4263 iam
1057 4203 1223 4281 praesente
1247 4196 1414 4280 Lysandro
1439 4201 1483 4265 ad

328 4310 462 4395 triginta
483 4313 568 4376 viros
591 4309 802 4374 instituendos
827 4313 997 4372 convocata
1016 4309 1064 4370 est
1087 4304 1258 4390 (111172).
1297 4305 1386 4382 Quae
1411 4307 1482 4390 opi-

328 4419 381 4484 nio
409 4420 487 4484 satis
514 4417 596 4483 mira
619 4439 656 4484 cc
678 4416 802 4492 nititur,
830 4414 913 4499 quod
941 4413 980 4478 do
1007 4412 1117 4480 eadem
1145 4411 1291 4480 contione
1318 4412 1482 4504 intellegit
