3280 4934
318 363 362 428 40
751 398 793 408 -
841 359 936 443 [136]
984 398 1026 407 -

321 558 354 637 ἐς
374 554 497 641 Οἰνόην
516 565 666 644 πρῶτον,
688 546 772 644 ᾗπερ
793 553 956 642 ἔμελλον
975 555 1169 637 ἐσβαλεῖν,
1188 559 1242 622 sed
1267 559 1363 624 etiam
1381 581 1462 642 (quae

320 667 466 750 leguntur
485 665 624 742 11‚19‚1
646 656 760 751 ἐπειδὴ
782 660 898 749 μέντοι
916 660 1165 751 προσβαλόντες
1182 673 1223 748 τῇ
1249 661 1377 748 Οἰνόῃ.
1398 718 1404 730 .
1426 717 1432 728 .
1454 717 1460 729 .

321 766 384 841 οόκ
408 769 570 838 ἐδύναντο
590 767 687 852 ἑλεῖν,
711 823 717 836 .
739 823 745 836 .
766 823 772 836 .
794 823 800 836 .
826 764 1029 859 ὁρμήσαντες
1052 763 1109 837 ἀπ’
1133 764 1233 858 αὐτῆς
1255 763 1337 856 μετὰ
1359 763 1401 836 τὰ
1425 769 1462 835 ἐν

321 881 474 968 Πλαταίᾳ
497 875 660 964 γενόμενα
687 870 808 967 ἡμέρᾳ
836 870 1082 966 ὀγδοηκοστῇ
1114 874 1255 964 μάλιστα
1404 878 1461 945 ἐσ-

322 987 466 1070 έβαλον
491 985 523 1064 ἐς
545 979 608 1074 τὴν
630 978 788 1073 Ἀττικήν.

410 1095 479 1160 Iam
500 1094 561 1159 hoo
578 1100 687 1160 nostra
709 1094 743 1158 in
762 1096 946 1177 quaestione
964 1095 1100 1179 primum
1117 1094 1288 1160 tenendum
1306 1115 1373 1160 esse
1391 1115 1463 1160 cen-

322 1225 386 1281 seo,
403 1203 549 1268 Plataeas
568 1222 732 1286 oppressas
751 1223 818 1268 esse
836 1224 907 1268 vere
931 1203 1027 1286 idque
1045 1201 1192 1267 extremis
1211 1202 1464 1267 Anthesterionis

322 1309 444 1387 diebus,
466 1309 627 1394 octoginta
645 1308 755 1374 diebus
778 1317 850 1394 post
868 1317 930 1376 τοῦ
948 1306 1074 1395 θέρους
1092 1311 1148 1374 καὶ
1165 1317 1228 1374 τοῦ
1247 1311 1342 1374 σίτου
1361 1302 1463 1394 ἀκμά-

324 1423 441 1500 ζοντος
459 1417 721 1484 Lacedaemonios
745 1419 777 1482 in
796 1419 935 1484 Atticam
958 1417 1116 1482 invasisse.
1153 1416 1239 1482 Haec
1256 1425 1363 1482 cautem
1379 1418 1465 1482 Thu·

324 1524 468 1609 cydidem
495 1524 549 1608 qui
576 1525 682 1590 omnia
709 1525 776 1610 ipse
803 1526 925 1591 viderat
953 1523 1087 1590 oblitum
1114 1545 1194 1601 esse,
1222 1547 1291 1589 eum
1320 1526 1465 1609 quintum

325 1631 441 1697 librum
468 1631 632 1710 scriberet,
660 1633 787 1698 omnino
814 1632 1000 1698 incredibile
1023 1636 1079 1697 est
1125 1632 1235 1696 Altero
1263 1633 1361 1715 igitur
1383 1632 1465 1698 libro

325 1737 400 1803 belli
423 1737 548 1802 initium
571 1739 746 1805 aPletaeis
769 1741 925 1825 oppressis
943 1739 1141 1823 Thucydides
1159 1740 1335 1823 computari
1359 1739 1465 1816 voluit,

325 1866 395 1909 eum
418 1845 517 1911 multo
540 1846 713 1930 simplicius
735 1847 881 1912 videatur
903 1851 1056 1924 statuere,
1084 1845 1200 1912 bellum
1223 1846 1466 1930 Peloponnesia-

325 1974 396 2016 cum
419 1951 459 2016 ab
483 1951 537 2018 illo
560 1953 612 2018 die
634 1953 797 2037 incepisse,
819 1975 881 2038 quo
901 1953 1040 2019 Atticam
1061 1954 1235 2020 invaserint
1256 1953 1466 2028 Lacedaemo·

325 2060 372 2122 nii
393 2081 452 2124 neo
469 2058 562 2124 facile
581 2059 723 2126 dubitari
746 2061 854 2145 possit,
876 2061 951 2146 quin
970 2061 1117 2144 aequales
1136 2060 1176 2125 ab
1196 2059 1326 2126 hoodie
1349 2062 1466 2126 bellum

326 2167 452 2232 initium
472 2167 591 2250 cepisse
613 2168 801 2251 putaverint.
842 2167 912 2232 Hoc
934 2174 1040 2232 autem
1062 2189 1124 2234 non
1147 2169 1214 2234 sine
1237 2167 1372 2236 artifieio
1396 2191 1467 2234 eum

327 2274 500 2342 instituisse
514 2275 669 2358 sagaciter
683 2275 828 2359 exposuit
841 2274 1021 2340 Ulhirhius.
1034 2277 1059 2364 ¹)
1087 2276 1155 2354 Quo
1174 2275 1307 2342 artificio
1322 2277 1467 2342 effectum

327 2389 388 2461 est,
416 2389 451 2448 ut
473 2403 543 2448 cum
567 2382 684 2459 omnis,
712 2382 804 2448 sicuti
827 2382 912 2448 facta
935 2389 1052 2461 esseut,
1081 2383 1251 2449 secundum
1276 2389 1412 2450 aestates
1436 2390 1468 2448 et

326 2492 445 2556 hiemes
463 2495 617 2567 narraret,
634 2489 745 2573 viginti
770 2497 889 2574 septem
908 2492 982 2555 anni
1005 2491 1066 2568 illi,
1088 2513 1147 2575 per
1164 2512 1241 2576 quos
1264 2491 1382 2558 bellum
1400 2491 1468 2558 fore

327 2599 390 2662 iam
413 2597 505 2662 initio
530 2597 728 2679 praedictum
750 2606 820 2663 erat
843 2598 894 2685 (V,
914 2599 980 2688 26),
1007 2599 1093 2682 pleni
1121 2600 1298 2664 evaderent.
1350 2599 1468 2677 Quodsi
1509 2659 1512 2664 ,
1628 2551 1629 2586 l

328 2704 368 2770 ab
392 2705 568 2788 irruptione
592 2703 911 2770 Lacedaemoniorum
931 2727 1020 2772 orsus
1038 2710 1129 2782 esset,
1151 2726 1209 2770 nee
1230 2707 1315 2790 pleni
1335 2705 1469 2772 fuissent

327 2813 402 2878 anni
416 2833 515 2895 usque
530 2811 571 2876 ad
586 2812 727 2878 Athenas
744 2814 880 2878 traditas
894 2814 1050 2878 numerati
1065 2834 1123 2880 nee
1135 2834 1186 2880 res
1199 2835 1272 2879 vere
1286 2814 1380 2898 primi
1394 2815 1469 2879 anni

328 2925 433 3004 gestas
447 2918 523 2984 belli
538 2921 719 2986 narratione
732 2920 999 3004 comprehendere
1016 2921 1178 3004 potuisset.
1203 2923 1306 3008 Atque
1320 2929 1357 2986 ut
1370 2921 1407 2999 V,
1418 2921 1470 2999 26,

328 3029 375 3092 ita
393 3028 533 3093 eiusdem
555 3025 629 3092 libri
653 3049 677 3092 a
696 3028 740 3093 20
763 3049 799 3094 eo
822 3029 890 3112 ipso
914 3030 991 3106 loco,
1014 3029 1053 3093 de
1077 3050 1139 3112 quo
1162 3029 1283 3112 agimus
1303 3021 1470 3095 αότόδτκα

329 3133 416 3200 ἐτῶν
445 3129 656 3200 διελθόντων
682 3136 739 3199 καὶ
762 3128 895 3222 ἡμερῶν
923 3129 1046 3220 ὀλίγων
1073 3142 1355 3221 παρενεγκοννσῶν
1379 3126 1400 3222 ἢ
1424 3126 1470 3212 ὡς

330 3295 337 3307 .
358 3294 364 3308 .
385 3295 392 3306 .
414 3293 420 3306 .
444 3234 464 3328 ἡ
489 3232 569 3328 ἀρχὴ
587 3249 650 3308 τοῦ
668 3242 817 3326 πολέμου
837 3244 934 3307 τοῦδε
960 3241 1101 3327 ἐγένετο,
1123 3241 1198 3308 belli
1218 3243 1342 3307 initium
1360 3262 1469 3306 nume-

331 3350 413 3415 ravit
431 3371 451 3414 a
469 3349 606 3414 Plataeis
626 3351 781 3434 oppressis
799 3349 1006 3434 Thucydides.
1042 3349 1123 3416 Nam
1143 3351 1168 3415 si
1193 3350 1340 3414 extremis
1359 3348 1471 3414 diebus

330 3456 582 3523 Anthesterionis
605 3455 723 3522 bellum
746 3456 1001 3522 Archidamioum
1026 3457 1151 3521 initium
1174 3457 1267 3540 cepit,
1295 3456 1470 3522 confectum

330 3571 435 3630 autem
462 3570 510 3630 est
536 3565 645 3629 decem
671 3564 763 3629 annis
789 3572 862 3649 post
883 3565 988 3630 XXVI
1016 3565 1067 3630 die
1090 3563 1357 3648 Elaphebolionis,
1385 3569 1471 3627 certo

331 3672 441 3750 elucet,
459 3670 577 3737 bellum
594 3671 691 3738 fuisse
709 3693 766 3756 per
784 3674 891 3738 decem
910 3695 1008 3738 annos
1026 3693 1204 3756 paucosque
1218 3673 1286 3736 dies
1304 3671 1471 3754 additos.²)

331 3779 449 3844 Contra
471 3779 498 3844 si
521 3778 637 3844 bellum
661 3778 702 3844 ab
725 3779 909 3847 Archidami
932 3781 1118 3864 irruptione,
1142 3801 1222 3862 qnae
1244 3775 1387 3863 μάλιστα
1409 3784 1472 3843 τοῦ

1153 3933 1163 3962 Ι

422 3995 441 4061 ¹)
460 3993 567 4048 Ultrich
590 3993 721 4064 Bedrdpe
743 4009 795 4050 ectr
817 3993 1011 4062 Erldeteruap
1035 3993 1081 4048 des
1106 3992 1287 4062 Thucydides.
1330 3991 1473 4060 hamburg

333 4085 409 4140 1846.
447 4101 473 4154 p.
492 4085 528 4138 32
546 4101 586 4153 sq.

420 4173 441 4240 λ)
459 4171 504 4228 Sic
527 4174 600 4228 enim
623 4175 709 4229 verba
730 4168 845 4244 ἡμερῶν
868 4167 973 4244 ὀλίγων
996 4175 1237 4243 παρενεγκόνσῶν
1264 4171 1474 4242 interpretanda

331 4279 429 4320 censeo
453 4271 563 4319 secutus
586 4265 756 4320 Boeekhium
779 4265 797 4318 l.
817 4280 840 4318 c.
864 4281 890 4332 p.
912 4263 945 4317 tt
969 4269 998 4317 et
1021 4261 1091 4316 stud.
1116 4260 1346 4330 epigr.-ohronol.
1366 4279 1391 4331 p.
1413 4263 1473 4316 151.

333 4355 392 4420 152,
411 4370 462 4409 nec
481 4371 592 4410 moveor
611 4355 659 4421 eis,
680 4370 750 4424 qnae
770 4359 865 4409 contra
884 4369 945 4407 eum
965 4352 1175 4422 disputaverunt
1189 4353 1222 4404 A.
1237 4353 1389 4406 Mommsen
1408 4351 1473 4406 Bei-

332 4449 409 4521 trdpe
431 4461 483 4500 zur
504 4445 603 4518 priect.
624 4427 826 4514 Zeitr'eehaaup
844 4460 871 4516 p.
890 4443 943 4500 250
963 4449 991 4500 et
1009 4443 1134 4512 Ungerus
1153 4440 1170 4496 1.
1191 4456 1214 4495 c.
1234 4457 1261 4512 p.
1280 4439 1322 4497 46.
