3304 4928
601 463 640 472 -
689 425 785 510 [ru]
835 464 874 474 -
1265 427 1307 492 nr

167 620 219 684 ille
238 620 404 687 uilioribus
423 628 455 686 et
473 620 703 686 sordidioribus
716 622 822 688 uerbis
837 579 963 688 Cleonis
976 623 1151 686 orationem
1167 623 1308 706 excipere

168 735 201 792 et
223 728 420 820 iprpudentia
443 727 602 812 superare,
624 728 662 794 ef.
687 749 731 792 vv.
756 728 821 794 285
846 729 910 794 286

428 855 517 937 Παφ.
541 850 791 941 καταβοήσομαι
813 857 906 935 βοῶν
927 870 971 919 σε.

427 963 508 1027 Αλλ.
533 956 823 1048 κατακεκράξομαί
847 977 882 1026 σε
906 955 1048 1045 κράζων.

166 1083 278 1168 ltaque
301 1107 371 1150 cunr
393 1081 525 1171 γρύζειν
548 1107 610 1151 uox
633 1086 793 1170 plebeium
816 1086 919 1170 sapiat
937 1107 1111 1152 sermonem
1130 1088 1309 1169 optimeque

167 1193 302 1276 quadret
332 1193 372 1258 ad
406 1192 566 1258 sordidam
597 1214 707 1260 uocem
735 1187 1000 1280 κοπροφορήσω,
1032 1191 1111 1257 duco
1138 1214 1175 1258 eo
1202 1193 1308 1258 codice

168 1299 387 1384 Aristophanis
416 1299 595 1384 deperdito,
623 1322 684 1384 quo
713 1299 826 1367 Suidas
854 1298 1004 1366 utebatur
1036 1297 1208 1385 (consent't
1239 1320 1309 1364 cum

166 1403 265 1471 Suida
287 1406 499 1485 Phanorinus,
521 1407 576 1490 qui
599 1407 683 1473 hunc
705 1407 898 1493 exscripsit),
925 1428 989 1472 non
1011 1405 1117 1490 inepte
1140 1405 1309 1490 suspiceris

166 1513 251 1597 apud
269 1513 516 1598 Aristophanem
533 1515 769 1600 transponenda
787 1535 855 1580 esse
873 1513 929 1578 illa
946 1512 1046 1578 uerba
1060 1511 1135 1578 εἴτι
1148 1508 1308 1598 wigrao)

166 1624 199 1684 et
222 1618 251 1683 εἰ
273 1615 432 1706 λαλήσεις.
480 1621 541 1686 Sed
565 1644 634 1687 curn
654 1623 739 1706 apud
758 1621 888 1688 Suidam
907 1621 938 1686 in
958 1619 1221 1704 interpretatione
1241 1620 1309 1704 ipsa

165 1725 265 1791 uerba
297 1725 326 1791 εἰ
357 1725 509 1815 λαλήσεις
536 1728 761 1807 adhibeantur,
792 1735 898 1813 potest
924 1729 1011 1794 locus
1039 1727 1094 1793 ille
1122 1727 1308 1810 Aristopha-

165 1855 242 1900 neus
269 1835 397 1918 grauius
421 1809 471 1902 ita
498 1843 664 1921 corruptus
687 1858 768 1914 esse,
795 1843 832 1901 ut
854 1835 953 1901 uerba
976 1834 1005 1900 εἰ
1027 1829 1179 1920 λαλήσεις
1197 1855 1223 1900 v.
1243 1833 1308 1898 294

165 1942 346 2024 glossemeti
374 1943 498 2009 cuidam
525 1944 702 2010 debeantur
727 1944 834 2010 uerbis
867 1941 954 2008 εἴτι
985 1938 1113 2029 γρῦξεις
1139 1939 1309 2024 adscripto,

166 2069 246 2131 quae
275 2049 451 2134 expulerint
479 2051 591 2118 ultima
612 2052 712 2118 uerba
734 2050 801 2116 cius
823 2049 971 2116 uersiculi
995 2049 1049 2133 qui
1071 2071 1091 2113 a
1115 2041 1308 2133 διαφορήσω

166 2145 196 2219 σ’
219 2155 338 2239 incipit.
364 2196 404 2204 -

256 2281 418 2348 Accedunt
440 2283 590 2368 perpauci
613 2285 687 2361 loci,
715 2275 830 2368 quihus
853 2283 979 2348 diuerso
1003 2280 1095 2345 modo
1118 2277 1150 2342 in
1173 2285 1308 2364 utroque

167 2394 199 2451 et
221 2385 320 2454 Suida
343 2395 375 2454 ct
398 2389 606 2456 Ambrosiano
630 2393 788 2458 leuissimo
811 2393 974 2476 peccatum
997 2386 1155 2452 uidemus:

256 2495 352 2562 veluti
377 2519 403 2562 v.
429 2497 472 2563 70

308 2595 538 2670 ὀκταπλάσιον
561 2604 787 2686 δ-λῘ-Ρ-ΓΘΔ,

308 2703 518 2778 ὀκταπλάσια
542 2711 653 2800 R¹)-A
681 2714 904 2798 suprascriptis
927 2733 982 2775 -ον
1010 2703 1239 2811 Ιίλῦοείζορεε
1263 2747 1308 2806 ,α’

309 2809 564 2885 άκταπλασλονα
587 2823 630 2886 Μ.

256 2963 282 3006 v.
311 2942 351 3008 79
376 2935 395 3008 d
420 2943 455 3010 dt
478 2951 559 3022 νοῦς
583 2943 620 3010 ἐν
644 2945 859 3028 sV-AFGA,

370 3042 390 3115 ὁ
415 3049 450 3116 δὲ
473 3058 554 3128 νοῦς
578 3045 612 3117 δ’
635 3052 673 3118 ἐν
695 3057 741 3134 M,

369 3148 492 3234 ὁνούς
515 3150 549 3223 d'
572 3157 609 3224 ἐν
632 3159 669 3236 R,

370 3257 388 3328 ὃ
412 3272 493 3342 νοῦς
515 3257 550 3331 d'
573 3263 610 3332 ἐν
633 3271 664 3332 P
682 3273 782 3344 recte;

165 3369 251 3452 quod
274 3371 387 3436 uitium
411 3373 484 3436 inde
508 3379 611 3438 ortum
635 3381 697 3451 est,
725 3377 810 3458 quod
833 3376 865 3441 in
889 3379 1060 3464 archetypo
1083 3402 1120 3444 eo
1143 3381 1244 3458 auito,
1267 3385 1307 3447 ad

166 3497 260 3558 quom
287 3497 395 3542 omncs
418 3479 540 3546 codices
562 3481 663 3546 nostri
686 3503 750 3547 una
774 3504 844 3548 curn
866 3483 1008 3551 Suidano
1029 3487 1200 3554 reuocandi
1226 3495 1309 3566 sunt,

166 3581 201 3646 δὲ
225 3582 341 3666 duplex
364 3585 482 3668 pictum
507 3592 583 3651 eret.

253 3730 280 3771 v.
305 3709 369 3774 819
394 3702 570 3794 άπομάττῃ
593 3711 702 3789 8-ΑΓ,

393 3808 579 3902 ἀπομάττει
602 3819 795 3886 nis-nen
818 3828 912 3898 recte,

394 3915 597 4008 άπομάττεις
619 3930 662 3992 M.

252 4067 278 4109 v.
306 4048 390 4113 1163
414 4040 479 4134 ἐγὼ
503 4049 577 4130 S-P,

414 4147 435 4240 ἢ
459 4148 524 4240 ἐγώ
547 4159 632 4237 Mu,

415 4254 436 4348 ἢ
459 4254 518 4347 ’ys
548 4264 693 4346 ι-Ανο,
716 4257 787 4352 eya
809 4267 845 4332 a.

237 4486 256 4550 ¹)
274 4497 358 4546 recte.
