3280 4934
605 467 645 476 ...
692 429 765 511 [83]
812 466 851 474 ..

691 647 760 729 VI.

247 839 335 904 Haec
363 838 428 902 sere
456 838 496 901 de
524 837 665 902 versibus
692 837 725 900 in
753 836 855 901 altera
882 835 1002 920 sylloga
1025 833 1168 919 repetitis
1192 835 1299 919 dispu-

158 947 256 1012 tanda
287 944 483 1010 videbantur.
538 942 608 1022 Qua
634 945 668 1008 in
694 961 730 1008 re
756 943 985 1027 perscrutanda
1015 963 1086 1008 cum
1114 941 1201 1010 haud
1228 963 1300 1007 raro

159 1054 370 1136 antiquiorem
399 1051 622 1135 melioremque
649 1055 769 1116 statum
795 1051 828 1114 in
852 1050 954 1116 altera
980 1049 1162 1116 collectione
1190 1049 1301 1132 dopre-

159 1161 375 1238 henderimus,
402 1157 571 1223 dolendum
599 1163 661 1234 est,
692 1157 776 1242 quod
804 1177 866 1242 quo
897 1157 1032 1241 primum
1059 1162 1201 1240 tempore
1228 1156 1301 1221 illae

159 1267 298 1352 syllogus
334 1265 524 1350 compositae
556 1271 589 1329 et
620 1285 685 1347 qua
719 1269 825 1330 aetate
861 1263 894 1328 in
925 1285 1022 1328 unum
1054 1263 1207 1329 conflatae
1238 1262 1301 1329 sint

160 1395 272 1458 corpus
295 1373 477 1457 investigari
500 1392 563 1438 non
586 1371 712 1455 poterit.
758 1370 925 1437 Exstitisse
947 1376 1052 1436 autem
1079 1370 1141 1436 iam
1164 1371 1301 1454 antiqui-

159 1489 212 1547 tus
230 1481 431 1547 collectiones
450 1480 601 1565 quasdam
620 1499 658 1544 ex
677 1477 867 1563 Theognidis
886 1477 994 1562 elegiis
1013 1481 1175 1562 excerptas
1195 1517 1236 1528 -
1256 1478 1301 1543 ite

160 1595 196 1653 ut
223 1589 329 1672 capita
360 1587 543 1672 singulatim
576 1588 745 1671 praecipua
772 1606 811 1650 ex
838 1586 884 1651 eis
915 1585 1167 1652 exscriberentur
1194 1623 1235 1633 -
1264 1607 1301 1650 ex

160 1695 302 1760 Platonis
328 1694 397 1759 loco
425 1694 464 1759 de
492 1693 563 1777 Leg.
594 1691 668 1771 VII,
696 1693 793 1759 81οΕ
817 1692 1006 1778 Bergkius1)
1038 1699 1123 1759 recte
1151 1691 1303 1760 conclusit

161 1802 343 1886 monuitque
365 1823 429 1866 non
451 1801 552 1866 multo
575 1808 648 1884 post
665 1798 813 1866 Isocratis
837 1806 974 1866 aemtem
992 1801 1117 1866 saeculo
1135 1820 1162 1864 a.
1181 1798 1253 1864 Chr.
1274 1821 1301 1862 n.

161 1908 227 1974 fere
258 1909 354 1975 tertio
381 1909 516 1991 primum
544 1907 696 1973 eiusmodi
723 1908 922 1990 anthologias
949 1913 1036 1973 ortas
1063 1929 1139 1974 esse.
1185 1906 1302 1986 Quam-

162 2037 255 2100 quam
278 2015 452 2100 complures
479 2015 643 2098 paullatim
671 2021 835 2099 excerptas
862 2013 958 2080 fuisse
980 2014 1178 2080 collectiones
1201 2013 1303 2079 Theo·

161 2123 292 2207 gnideas
318 2121 479 2187 Plutarchi
511 2122 598 2187 locus
630 2121 874 2206 haudquaquam
901 2127 987 2187 certo
1015 2121 1223 2198 demonstrat,
1249 2122 1302 2205 qui

162 2229 217 2313 (de
243 2229 315 2294 aud.
345 2229 448 2311 poitis
476 2250 542 2312 cap.
566 2229 597 2294 Π
624 2251 653 2314 p.
677 2229 736 2316 36)
762 2219 804 2293 τὰ
833 2220 863 2293 δ
890 2219 1159 2312 Ἐμπεδοκλέους,
1192 2229 1303 2310 inquit,

163 2331 225 2422 ἔπη
252 2336 309 2400 καὶ
336 2335 562 2420 Παρμενίδου,
595 2337 652 2400 καὶ
678 2325 825 2422 θηριακὰ
853 2330 1061 2420 Νικάνδρου,
1089 2336 1146 2400 καὶ
1171 2357 1302 2419 γνωμο-

163 2443 270 2527 λογίαι
287 2437 466 2526 Θεόγνιδος
484 2438 578 2526 λόγοι
596 2441 659 2507 εἰσὶ
673 2441 868 2530 κεχρημένοι
881 2433 973 2528 παρὰ
987 2449 1170 2528 ποιητικῆς,
1190 2431 1303 2526 ὥσπερ

164 2541 282 2634 ὄχημα,
309 2539 372 2612 τὸν
396 2541 500 2634 ὄγκον
522 2549 578 2614 καὶ
601 2541 641 2615 τό
663 2548 796 2634 μέτρον,
820 2547 875 2614 aa
897 2540 937 2615 τὸ
960 2539 1064 2630 πεζὸν
1087 2544 1302 2634 διαφύγωσιν.

164 2653 284 2732 Quibus
303 2654 407 2720 verbis
426 2677 488 2720 non
505 2656 595 2722 valde
614 2656 792 2723 blanditum
810 2677 878 2722 esse
896 2655 1099 2722 Plutarchum
1113 2655 1305 2740 Theognidis

165 2762 256 2842 poesi
265 2760 360 2826 verbo
374 2783 542 2828 monemus.
552 2763 578 2847 ²)
614 2764 838 2848 γνωμολογίαι
852 2769 959 2829 autam
977 2763 1055 2829 illud
1074 2765 1171 2829 etiam
1185 2764 1224 2828 de
1242 2783 1305 2826 una

166 2867 286 2951 sylloge
312 2868 375 2933 dici
402 2870 541 2954 potuisse
568 2890 632 2935 non
654 2870 735 2934 male
758 2870 880 2936 monuit
902 2869 1107 2936 Nietzschius.
1132 2909 1172 2919 -
1196 2869 1304 2954 Neque

165 2981 270 3078 tqmcn
299 2978 382 3060 quod
410 2975 451 3042 ad
483 2983 606 3042 nostras
638 2977 764 3060 quidem
796 2977 913 3042 attinet
940 2978 1139 3044 collectiones
1165 2983 1305 3043 veterum

165 3083 346 3149 testimonia
363 3083 530 3168 quicquam
548 3084 716 3149 memorias
730 3083 877 3168 produnt.
914 3083 1010 3150 Plane
1029 3085 1113 3151 enim
1128 3085 1191 3150 alia
1205 3083 1305 3150 forma

164 3194 259 3272 atque
282 3190 465 3256 condicione
488 3189 583 3256 hrisse
605 3191 765 3268 videntur,
793 3191 833 3258 de
856 3191 971 3275 quihus
1015 3192 1106 3259 Plato
1129 3193 1148 3257 l.
1167 3192 1186 3258 l.
1210 3190 1305 3256 rerba

165 3295 255 3374 lacit,
281 3303 377 3381 atque
405 3303 539 3362 nostrae.
585 3298 621 3363 In
650 3297 713 3364 illis
741 3299 825 3363 enim
853 3319 915 3362 non
943 3297 1072 3364 fuerunt
1098 3299 1159 3364 nisi
1187 3297 1305 3382 elegiae

164 3403 206 3469 ad
229 3403 440 3500 Cymunad
463 3405 579 3470 amicos
602 3405 757 3484 conditae,
779 3406 918 3471 carmina
940 3412 972 3472 et
991 3406 1180 3473 didascalica
1197 3410 1231 3470 ct
1248 3425 1305 3489 po·
1355 3471 1358 3486 ⁸

164 3510 260 3575 litica.
306 3507 441 3573 Nostrae
468 3516 571 3576 autem
595 3512 734 3596 syllogus
756 3519 882 3596 praeter
904 3533 943 3578 ea
964 3512 1213 3596 complectuntur
1236 3531 1304 3576 car-

164 3618 251 3681 mina
273 3613 448 3681 convivalia
469 3619 594 3700 potoria
616 3619 756 3702 paedica
779 3640 859 3703 quae
882 3618 1111 3703 aTheognido‚
1134 3619 1161 3683 si
1179 3617 1307 3701 quidem

166 3729 306 3789 veterum
329 3721 518 3806 scriptorum
540 3725 729 3792 testimoniis
747 3724 825 3792 fides
843 3725 989 3792 habenda
1007 3731 1064 3803 est,
1085 3743 1147 3790 non
1166 3720 1307 3807 profecta

166 3849 234 3894 esse
252 3833 391 3913 possunt
429 3829 534 3912 Atque
547 3829 729 3896 Walckorus
743 3833 870 3916 quidem
889 3833 993 3898 omnia
1011 3831 1164 3898 eiusmodi
1182 3829 1306 3913 generis

166 3937 307 4002 carmina
329 3957 368 4001 ex
390 3935 582 4021 Theognidis
604 3939 692 4021 poesi
716 3939 900 4024 expellenda
923 3961 990 4006 esse
1014 3939 1143 4005 censuit

256 4041 325 4120 Quo
347 4047 455 4109 autem
477 4045 571 4110 modo
594 4045 711 4110 sactum
730 4049 778 4111 est
796 4052 832 4111 ut
850 4046 929 4112 talia
946 4046 1075 4132 syllogis
1093 4047 1307 4112 hiserercntur

167 4149 325 4214 carmina?
357 4149 571 4216 Nietzschium
581 4153 607 4240 8)
626 4153 654 4218 si
671 4153 837 4229 audireris,
855 4155 995 4220 carmina
1012 4152 1216 4237 Theognidea
1232 4154 1307 4216 tunc

233 4267 379 4276 ——-——

199 4267 230 4272 ”
258 4308 277 4372 ¹)
295 4309 388 4364 ruer.
407 4311 434 4366 11
453 4327 480 4380 p.
499 4314 559 4368 aaa.

257 4394 277 4463 ¹)
297 4396 345 4452 cfr.
364 4399 517 4456 Nletzschil
536 4400 667 4457 iudicium
686 4402 721 4458 dc
740 4403 792 4458 hac
811 4417 841 4457 re
859 4401 877 4458 l.
898 4402 915 4458 l.
935 4421 961 4476 p.
983 4407 1040 4461 182.

258 4481 278 4548 ²)
298 4483 315 4537 l.
335 4486 351 4538 l.
371 4503 397 4554 p.
419 4490 469 4544 179
483 4507 523 4558 sq.
544 4491 596 4546 185
610 4505 650 4558 sq.
