3258 4928
327 373 392 436 roo
760 407 804 418 -
852 371 936 454 μοι]
982 403 1027 417 -
1103 361 1107 392 ¹

326 560 504 645 λέγεσθαι,
536 556 581 646 μὴ
612 563 773 645 μετρίως,
807 532 941 646 μνρίοις
973 553 1087 636 ἄλλοις
1113 555 1280 635 τοιούτοις
1309 555 1451 645 τρόποις

328 663 433 745 „Ieaei
466 663 664 730 narrationes
697 669 826 748 practer
857 663 925 729 clia
958 661 1094 728 artificio
1122 662 1202 729 haec
1230 681 1356 747 quoquc
1388 685 1463 749 pro·

326 768 398 854 prin
411 767 542 848 hubent,
568 765 653 852 quod
675 785 727 834 ree
749 773 861 852 geetce
883 785 947 834 non
969 765 1144 834 secundum
1167 773 1346 854 temporum
1367 767 1465 834 retio-

326 892 401 940 nem
422 870 635 958 proferuntur,
668 869 753 956 quod
784 889 848 938 non
877 870 985 938 omnic
1014 869 1163 938 dicuntur
1189 890 1295 954 neque
1320 889 1360 938 ec
1381 892 1464 958 quoe

325 976 502 1042 offeruntur
523 974 570 1040 ito
590 974 848 1059 pronuntiantur,
876 979 911 1040 nt
933 979 1048 1042 nutura
1070 973 1143 1058 sert,
1169 993 1228 1040 nec
1250 974 1306 1054 ita,
1340 980 1375 1042 nt
1396 975 1464 1062 pri-

243 1095 245 1102 ‘
326 1086 420 1146 vetus
452 1078 548 1144 homo
580 1077 669 1162 loqui
698 1078 814 1146 uolet.“
861 1078 968 1145 Verba
997 1077 1072 1144 inde
1095 1097 1116 1146 a
1138 1077 1245 1146 verbio
1274 1083 1321 1164 τῷ
1346 1071 1389 1155 ὡς
1418 1077 1462 1166 μὴ

326 1180 441 1250 πάντα
463 1181 596 1250 mirifice
618 1181 747 1248 turbata
769 1201 882 1248 sonam
898 1181 1162 1248 constructionem
1184 1188 1351 1266 respuunt.
1394 1183 1464 1250 Pri·-

326 1307 413 1354 mum
443 1285 504 1352 hoc
531 1284 699 1354 verieeimc
728 1284 881 1353 Reiekius
910 1284 1071 1352 intellexit
1102 1284 1136 1351 in
1169 1283 1330 1374 μηδαμῶς
1363 1286 1464 1356 latere

326 1383 406 1478 μηδ’
426 1385 468 1455 ἂν
489 1381 544 1470 ώς,
569 1407 764 1474 quemquem
786 1409 826 1456 ea
846 1389 994 1458 νοτίοισι
1015 1387 1088 1474 ipen
1103 1387 1279 1476 depravate
1293 1395 1379 1456 sunt.
1426 1391 1464 1458 In

327 1494 433 1578 priore
455 1493 524 1558 colo
547 1498 593 1576 τῷ
615 1484 659 1568 ὡς
680 1489 725 1578 μη
750 1488 864 1558 πάντα
886 1491 1046 1579 particula
1068 1484 1112 1570 ὡς
1134 1491 1211 1558 ferri
1233 1491 1354 1580 nequit,
1391 1513 1462 1562 cum

326 1596 499 1682 praecedat
521 1601 575 1680 τῷ
596 1592 644 1682 μὴ
668 1592 755 1659 κατὰ
776 1593 856 1671 τοὺς
877 1591 1021 1681 χρόνους
1047 1643 1075 1658 ..
1102 1592 1280 1681 clericatum
1306 1594 1464 1662 innitere

327 1700 469 1766 membro
490 1698 649 1784 particule
672 1694 714 1763 δν
740 1699 824 1764 salso
853 1697 999 1764 additur:
1030 1718 1115 1781 quae
1135 1698 1236 1764 verbe
1263 1699 1373 1765 nescio
1402 1719 1465 1784 quo

328 1801 421 1868 modo
443 1822 484 1867 ex
507 1800 714 1886 sequentibus
741 1793 823 1888 μηδ’
847 1794 896 1878 ώς
924 1795 973 1866 ἂν
995 1797 1129 1887 ἰδιώτης
1151 1800 1305 1886 originem
1333 1800 1464 1869 duxisse

249 1939 253 1962 ι
327 1905 405 1971 mihi
425 1905 585 1986 videntur,
611 1925 682 1971 cum
705 1905 894 1990 pracsertim
917 1904 1030 1972 eodem
1045 1903 1156 1978 ordine
1179 1903 1306 1970 adiecta
1328 1904 1392 1971 sint
1413 1899 1465 1990 (ὡς

326 2047 370 2060 -
393 2003 459 2095 ἄν).
506 2009 595 2075 Haec
622 2009 651 2075 εἰ
673 2009 857 2091 sustuleris,
890 2009 990 2094 plana
1020 2007 1171 2094 procedet
1199 2009 1310 2076 oratio.
1358 2009 1464 2077 Unum

323 2114 439 2179 'utinm
455 2119 563 2180 restet.
606 2111 797 2198 Sylburgius
813 2112 882 2178 inre
898 2113 930 2177 in
945 2111 1053 2180 verbio
1075 2109 1119 2200 μὴ
1135 2117 1279 2199 μετρίως
1298 2113 1464 2182 offendens

327 2217 412 2284 hunc
433 2217 468 2283 in
490 2215 620 2282 modum
643 2215 821 2283 sententiae
836 2236 876 2281 ea
889 2215 1131 2282 accommodat:
1157 2209 1237 2303 μηδ’
1256 2210 1299 2294 ὡς
1316 2211 1358 2283 ἂν
1373 2215 1465 2283 ἰδιώ-

327 2345 385 2410 της
408 2345 458 2398 τις
475 2319 577 2404 εἰἰτοι,
595 2319 767 2405 ,λέγεσθαι
789 2324 951 2406 μετρίως,
985 2320 1042 2384 καί
1056 2324 1191 2406 μορίοις
1213 2316 1327 2398 ἄλλοις
1353 2321 1465 2388 τοιού-

327 2449 398 2503 τοις
427 2422 580 2512 τρόαοις.
628 2423 692 2490 Sed
720 2423 806 2490 male
835 2425 934 2490 verbe
962 2429 1143 2508 mutentur,
1181 2445 1253 2490 cum
1281 2424 1314 2491 id
1343 2425 1460 2512 ipsum,

327 2528 412 2613 quod
439 2527 597 2594 vocabula
628 2523 672 2613 μη
704 2531 848 2613 μετρίως
881 2527 915 2593 in
949 2527 1214 2594 constructionem
1248 2529 1336 2594 nullo
1370 2529 1465 2596 modo

327 2630 496 2714 quadrant,
522 2630 583 2696 loci
601 2629 738 2696 sanandi
761 2649 875 2695 ensem
897 2631 1064 2716 praebeat.
1111 2631 1218 2697 Verba
1238 2629 1283 2719 μὴ
1305 2637 1460 2718 μετρίως,

327 2733 445 2818 quippe
467 2753 550 2817 quae
566 2731 771 2798 menifestum
786 2732 1104 2818 interpretamentum
1122 2733 1186 2800 sint
1200 2733 1357 2800 enuntiati
1378 2729 1462 2823 μηδ’

327 2829 371 2914 ώς
394 2829 436 2900 ἂν
458 2833 590 2922 ἰδιώτης
612 2858 663 2912 τις
686 2835 788 2918 einer,
815 2856 867 2901 me
882 2835 1012 2920 quidem
1034 2836 1140 2903 iudice
1161 2837 1353 2924 expellenda
1375 2845 1461 2905 eunt.

326 2941 442 3004 Totum
470 2937 568 3022 igitur
595 2937 637 3005 de
659 2958 722 3021 quo
744 2939 852 3023 agitur
880 2939 985 3006 locum
1014 2940 1061 3006 ito
1082 2941 1297 3008 restituerim:
1332 2940 1464 3020 πολλὰς

326 3037 360 3109 δ’
387 3037 429 3108 ἂν
458 3039 569 3126 ἔχοιμι
597 3042 655 3107 καὶ
688 3037 792 3120 ἄλλας
825 3047 1070 3128 παρασχέσθαι
1104 3040 1272 3132 διηγήσεις
1305 3041 1393 3131 πρὸς
1424 3043 1463 3112 τὸ

327 3149 502 3233 συμφέρον
531 3140 790 3234 ᾠκονομημένας
819 3140 888 3213 ὑπὸ
921 3153 981 3213 τοῦ
1012 3145 1154 3236 ῥήτορος
1180 3199 1186 3212 .
1208 3199 1244 3214 ..
1271 3156 1317 3235 τῷ
1339 3147 1380 3214 τὰ
1408 3174 1464 3215 κε-

328 3247 458 3338 φάλαια
482 3243 736 3337 ἀνεστράφθαι,
771 3256 817 3334 τῷ
847 3248 893 3337 μὴ
924 3247 1011 3314 κατὰ
1033 3247 1112 3328 τοὺς
1141 3247 1285 3338 χρόνους
1308 3250 1350 3315 τὰ
1373 3275 1465 3338 πρα-

325 3358 455 3438 χθέντα
478 3351 655 3440 εἰρῆσθαι,
692 3359 740 3438 τῷ
765 3345 830 3438 [ὡς]
858 3353 903 3441 μη
927 3351 1057 3436 πάντα,
1091 3348 1171 3442 μηδ’
1194 3347 1257 3439 [ἂν]
1284 3347 1328 3432 ὥς
1358 3353 1465 3443 φύσιν

326 3453 394 3541 εἶχε
412 3463 622 3544 πραχθῆναι,
648 3450 729 3544 μηδ’
748 3450 791 3532 ὡς
816 3451 858 3521 ἂν
873 3453 1005 3544 ἰδιώτης
1033 3481 1083 3534 τις
1106 3455 1199 3523 ε’ίτιοι
1221 3459 1383 3544 λέγεσθαι
1406 3457 1464 3550 [μὴ

326 3563 494 3646 μετρίωςί,
521 3563 655 3644 μορίοις
674 3553 789 3634 ἄλλοις
812 3557 977 3636 τοιούτοις
999 3557 1171 3644 τρόποις,

411 3703 445 3766 p.
465 3683 586 3746 olenus
608 3679 655 3744 ita
675 3679 765 3763 lego:
791 3672 874 3763 Ἐρώ
888 3678 925 3745 δὲ
947 3679 1004 3744 καί
1020 3680 1262 3768 κεφαλαιωδῶς
1285 3680 1366 3766 τιερί
1381 3678 1466 3748 ταύ-

326 3809 384 3872 της
407 3791 465 3871 τῖης
489 3781 581 3860 ἰδέας
604 3781 645 3871 ἣν
667 3778 731 3868 ἐγώ
753 3780 858 3863 δόξαν
880 3781 945 3866 ἔχω
969 3784 1025 3848 καί
1056 3787 1122 3850 τίνι
1145 3783 1321 3872 διαφέρειν
1346 3783 1466 3868 οἰομαι

326 3887 385 3955 τὸν
403 3883 529 3954 Ἰσαῖον
550 3894 612 3953 τοῦ
632 3890 780 3953 Λασίοο.
820 3893 882 3953 τοῦ
896 3891 1033 3953 Λοσίσο
1053 3887 1117 3971 μὲν
1139 3885 1185 3976 δὴ
1210 3883 1263 3972 [ἄν
1278 3887 1383 3972 codri]
1411 3914 1464 3968 τις

327 3985 565 4076 ἀναγινώσκων
586 3988 647 4068 τὰς
670 3987 837 4079 διηγήσεις
861 3983 960 4056 οὐδὲν
983 3985 1025 4056 ἂν
1050 3985 1268 4074 ὑπολάβοι
1294 3983 1463 4079 [ὑπολάβῃ

216 4155 221 4166 .
327 4095 458 4180 codd.]¹]
487 4097 650 4179 λέγεσθαι
671 4093 758 4160 κατὰ
780 4099 900 4182 τέχνην
921 4089 1135 4184 ἢπονηρίαν,
1163 4089 1238 4160 ἀλλ’
1256 4087 1300 4172 ὥς
1322 4089 1464 4182 ἡφύσις

397 4303 414 4366 ¹)
435 4301 478 4358 Ex
496 4301 608 4358 divorso
626 4320 653 4373 p.
669 4304 751 4356 64217
772 4303 877 4358 oenone
895 4299 946 4356 ἐὰν
966 4345 971 4356 .
990 4344 1017 4354 ..
1038 4299 1095 4373 ἴδη
1117 4301 1183 4371 [ἴδοι
1202 4303 1276 4368 FRJ.
