3262 4926
614 421 829 482 ..19-

145 613 182 671 ut
210 607 355 672 conicere
383 606 476 687 licet,
509 625 704 692 quamquam
733 607 774 672 de
803 627 844 674 ea
872 627 906 674 re
935 605 1017 672 nibil
1051 607 1129 672 certi
1159 607 1289 691 assequi

146 727 329 792 possumus.

233 812 298 878 Sed
321 811 402 878 haec
427 813 492 878 sint
521 813 601 879 satis
632 813 672 879 de
701 813 760 879 hoc
790 815 859 879 loco
886 813 1089 878 difficillimo.
1138 811 1231 890 Quae
1261 813 1289 878 si

146 921 233 980 reete
255 914 418 999 disputata
447 923 538 990 sunt,
573 915 730 983 habemus
761 917 841 982 duos
872 915 1033 996 homines,
1069 915 1125 998 qui
1152 914 1198 979 de
1225 914 1288 979 iu·

146 1017 310 1083 dustria
339 1018 372 1084 iu
402 1019 546 1084 earmina
569 1019 762 1086 Lucretiunu
788 1020 1050 1102 interpolationes
1073 1018 1283 1096 inseruerunt,

146 1141 280 1203 quorum
303 1121 390 1206 prior
410 1122 473 1187 fuit
493 1122 538 1204 is,
572 1123 627 1204 qui
649 1124 846 1207 prooemium
875 1131 987 1206 quarto
1015 1123 1097 1187 libro
1125 1119 1284 1206 praefixit.

146 1225 251 1306 Atque
273 1224 396 1290 utinam
419 1225 476 1290 elii
498 1245 625 1308 quoque
648 1227 710 1292 loci
733 1234 851 1308 essent,
879 1227 934 1292 ubi
957 1226 1071 1291 eudem
1094 1223 1288 1290 confidentia

147 1347 275 1411 operam
293 1347 400 1394 eorum
417 1328 599 1395 discernere
615 1349 794 1413 possemus,
814 1337 858 1412 ut,
878 1330 994 1413 quibus
1010 1329 1106 1395 rebus
1121 1328 1154 1393 iu
1167 1328 1286 1392 Lucre-

146 1430 183 1495 tii
198 1431 392 1497 carminibus
404 1432 610 1498 recensendis
621 1432 706 1498 inter
718 1453 752 1499 se
765 1433 939 1515 differrent,
956 1432 1075 1499 elarius
1087 1430 1283 1496 videremus.

146 1533 289 1598 Alterius
316 1532 463 1616 quidem,
487 1534 543 1617 qui
564 1554 676 1600 versus
700 1541 740 1600 45
755 1539 840 1601 —ts
871 1543 904 1601 et
926 1535 1068 1600 51-53
1091 1533 1286 1616 interpolare

146 1637 263 1718 voluit,
291 1658 416 1703 summa
437 1638 638 1723 impudentia
659 1641 712 1705 vel
735 1661 775 1705 ex
799 1640 860 1707 hoc
888 1661 952 1706 uno
980 1642 1051 1706 loco
1081 1638 1283 1725 perspicitur,

145 1759 248 1821 neque
271 1741 433 1820 miremur,
460 1743 488 1807 si
510 1742 577 1806 ulia
598 1761 723 1826 quoque
752 1744 841 1810 stulti
869 1743 963 1809 huius
985 1744 1046 1809 viri
1070 1743 1207 1826 vestigia
1229 1743 1287 1808 de-

146 1841 394 1926 prehendamus.
441 1844 533 1909 Illius
555 1864 630 1912 vero
653 1846 821 1912 consilium
845 1848 936 1912 utin
958 1845 1019 1913 hue
1041 1846 1204 1932 prooemio
1226 1844 1287 1910 ad-

145 1944 250 2010 dendo
274 1946 479 2012 manifestum
502 1956 569 2028 est,
600 1948 647 2014 ita
668 1969 798 2035 semper
819 1950 950 2015 dubium
974 1950 1051 2027 erit,
1084 1969 1159 2014 num
1188 1948 1285 2015 etiem

146 2047 281 2113 aliarum
303 2050 505 2114 iterationem
527 2050 561 2116 in
587 2051 725 2117 Lucretii
747 2052 942 2118 carminibus
964 2059 1075 2117 auctor
1097 2051 1203 2118 fuerit.

233 2151 298 2217 Sed
327 2152 424 2218 facile
454 2173 532 2218 sane
564 2173 635 2218 cum
662 2155 723 2220 hoc
751 2156 821 2221 looo
849 2155 931 2221 duos
960 2155 1216 2239 comparabimus
1245 2173 1286 2219 ex

145 2254 316 2336 prooemiis
332 2255 463 2320 secundi
480 2264 512 2322 et
528 2257 612 2322 tertii
628 2257 700 2322 libri
716 2257 919 2342 premendos.
959 2257 1101 2336 Quorum
1121 2258 1286 2340 utriusque

75 2431 77 2434 Ι
146 2353 179 2418 in
202 2354 266 2421 line
290 2355 323 2420 hi
346 2376 458 2423 versus
482 2358 644 2441 leguntur:

275 2481 350 2522 num
374 2460 473 2524 veluctc'
489 2461 586 2543 picari
607 2463 768 2546 trepidant
790 2472 884 2548 atque
907 2463 1012 2528 omnia
1034 2464 1134 2528 caecis

275 2561 308 2624 in
332 2562 466 2626 tenebris
488 2572 640 2644 metuunt,
666 2565 711 2628 sc'c
733 2587 790 2628 nos
812 2566 845 2628 irs
867 2567 936 2630 luce
959 2567 1100 2630 timemus

275 2664 442 2746 interdum,
469 2666 534 2730 nilo
557 2690 636 2752 qaae
657 2677 731 2732 suot
752 2671 917 2733 metuenda
939 2671 1039 2756 mopc's
1061 2693 1155 2755 qoam

275 2789 356 2851 quae
373 2769 471 2852 pueri
490 2769 524 2832 in
548 2773 681 2835 tenebris
697 2773 849 2856 pavitant
857 2774 1051 2859 stupentque
1062 2776 1195 2860 sutura.

276 2869 358 2934 hooc
380 2871 479 2956 ipiteo
502 2882 652 2938 terrorem
674 2875 775 2938 antisti
796 2878 998 2962 tenebrasque
1020 2887 1173 2942 necessest

276 2997 338 3037 non
360 2975 449 3038 rodii
468 2977 543 3040 solia
565 2999 661 3061 raeque
684 2979 790 3042 lucido
814 2981 877 3044 tela
898 2980 963 3044 diei

276 3077 457 3156 decorticant,
483 3081 540 3143 scd
559 3089 695 3145 naturae
716 3084 834 3165 spectes
855 3085 1007 3169 ratioque.

146 3179 211 3246 Sed
233 3188 367 3264 unoque
390 3183 460 3248 loco
483 3183 603 3250 babent
625 3205 687 3267 quo
709 3185 885 3252 offendant.
928 3271 933 3280 ¹

230 3283 334 3368 Atque
356 3285 388 3349 in
413 3286 545 3352 secundi
567 3287 641 3353 libri
663 3289 836 3372 prooemio,
864 3311 933 3355 cum
957 3290 997 3357 de
1019 3311 1124 3356 rerum
1140 3292 1284 3358 vanitate

145 3383 292 3466 loquatur
315 3387 409 3453 etde
432 3388 516 3454 curis
540 3391 742 3472 sequacibus,
765 3413 847 3475 qnae
863 3411 968 3475 neque
984 3393 1106 3459 sonitus
1123 3414 1283 3460 armorum

144 3506 204 3552 neo
226 3487 296 3553 fera
317 3491 382 3559 tela
404 3497 548 3557 metuant
570 3492 785 3577 audacterque
807 3494 891 3560 inter
913 3515 1007 3578 reges
1033 3503 1200 3562 versentur
1226 3515 1283 3562 nec

144 3589 300 3672 fulgorem
324 3593 365 3658 ab
388 3613 467 3660 auro
490 3603 696 3662 revereantur
717 3618 777 3664 nec
800 3600 923 3664 clarum
952 3599 1052 3666 vestis
1079 3600 1282 3683 splendorem

146 3713 337 3778 purpureae,
363 3695 429 3761 iam
1117 3699 1121 3706 ’

180 3798 220 3859 53
244 3797 321 3880 quid
334 3799 470 3878 dubitas,
489 3799 601 3884 inquit,
626 3802 702 3887 quin
717 3803 817 3866 omnis
832 3805 874 3868 eit
888 3805 965 3868 baec
981 3805 1114 3870 rott'om's
1127 3814 1279 3889 potestas,

241 3900 340 3964 omnia
362 3924 432 3965 cum
454 3903 487 3966 in
512 3905 645 3968 latebris
661 3907 855 3988 praesertim
877 3907 943 3972 cito
965 3909 1110 3973 laboret?

144 4011 208 4066 tum
244 4011 423 4086 sequuntur
458 4006 492 4070 in
529 4007 691 4074 codicibus
725 4008 775 4073 illi
807 4029 932 4076 versum.
986 4012 1060 4078 'loti
1095 4012 1193 4095 igitur
1226 4033 1283 4079 su·
1379 4079 1381 4084 .

143 4123 213 4170 mus
237 4106 376 4190 caligine
399 4108 563 4192 oppressi,
590 4130 687 4192 quarn
717 4131 808 4176 mens
838 4119 961 4178 tantum
992 4135 1030 4180 oc
1058 4115 1141 4182 ratio
1170 4117 1282 4184 tollere

143 4217 288 4289 possunt.
328 4209 380 4275 Ad
404 4231 500 4294 quarn
523 4213 717 4278 sententiam
739 4215 788 4280 illi
806 4235 919 4282 versus
935 4219 1023 4284 nullo
1039 4219 1132 4286 niodo
1147 4228 1283 4305 possunt

143 4309 288 4394 adiungi.
341 4313 423 4379 Cum
456 4314 541 4381 enim
576 4317 735 4400 particula
766 4341 841 4384 oum
869 4320 1075 4402 inducantur,
1113 4331 1282 4408 exspectes

1042 4443 1074 4494 2!
