3304 4928
332 391 376 454 46
773 428 813 436 -
862 387 953 477 μου]
1000 428 1042 438 -
1085 383 1091 390 ·

423 584 473 648 Ad
492 605 518 646 v.
540 583 602 647 163
622 583 815 668 6tsx1vmv¹)
839 581 953 648 Suidas
976 584 1138 665 aptissime
1161 584 1254 648 addit
1275 583 1357 648 hane
1380 583 1480 666 expli-

333 689 502 755 cationem:
534 681 610 754 ἀντὶ
641 696 704 754 τοῦ
734 690 864 774 μίτραις
895 688 1049 754 τουτέστι
1081 684 1203 771 ζώναις
1236 684 1480 773 διαζωσάμενοι

333 787 444 880 άβροῦς
461 791 690 880 περιεπάτουν
709 795 752 880 (R
770 795 850 859 nihil
869 796 998 861 exhibet
1021 797 1081 861 nisi
1106 788 1246 882 άβρῶς);
1270 817 1342 860 nam
1366 796 1481 862 docent

333 902 509 984 Agathenis
532 902 631 966 uerba
654 901 746 966 initio
768 902 921 967 orationis
944 923 990 967 vv.
1017 903 1078 966 159
1106 903 1169 966 160

565 1019 674 1102 άλλως
695 1017 726 1088 τ’
750 1019 900 1109 ἄμουσόν
923 1023 992 1090 ἐστι
1015 1017 1160 1112 ποιητὴν
1183 1024 1266 1091 ἰδεῖν

565 1123 701 1216 άγρεῑον
725 1124 808 1196 ὄντα
832 1134 888 1224 καὶ
912 1128 1017 1196 δασύν

333 1261 366 1320 et
392 1275 473 1338 quae
501 1255 533 1318 in
561 1277 587 1319 v.
615 1255 677 1319 165
706 1256 745 1320 de
774 1255 952 1338 Phrynicho
981 1256 1129 1320 dicuntur
1157 1257 1214 1320 καὶ
1244 1259 1354 1332 καλῶς
1381 1247 1479 1340 ἠμπί-

335 1377 440 1443 σχετο,
464 1361 590 1426 mollem
614 1366 646 1425 et
669 1361 864 1425 luxmiosum
887 1362 1040 1426 uestitum
1063 1361 1152 1426 illum
1175 1381 1332 1428 excusare.
1379 1347 1480 1439 Q‘uam

334 1466 374 1532 ob
402 1487 469 1530 rem
501 1468 689 1532 coniecturis
721 1489 798 1550 ques
831 1474 1062 1550 preposuerunt
1093 1468 1155 1531 uiri
1188 1468 1272 1532 doeti
1306 1469 1443 1551 Toupius
1452 1469 1480 1552 ²)

335 1565 518 1648 διέκλωντ’,
528 1574 730 1656 Dorvillius³)
742 1572 885 1638 διέκνυον
896 1574 995 1657 (quod
1005 1573 1120 1657 probat
1132 1571 1328 1656 Dindorfius)
1337 1581 1481 1656 praestat

334 1678 501 1743 Fritzsehii
522 1679 703 1762 διεχίίδων,
722 1681 782 1744 nisi
802 1681 887 1763 quod
905 1680 1022 1744 rectius
1037 1679 1213 1744 Meinekius
1222 1680 1251 1766 ⁴)
1269 1701 1305 1743 τε
1324 1679 1481 1762 particula

334 1789 461 1849 seruata
492 1807 529 1848 τε
561 1778 729 1869 κάχίίδων
757 1784 958 1851 scribendum
987 1807 1053 1850 esse
1081 1788 1217 1862 monuit,
1249 1787 1344 1870 idque
1371 1786 1482 1850 arrisit

334 1890 477 1955 Velseno.

422 2019 449 2060 v.
476 1996 538 2061 196
567 2018 606 2061 ex
629 1995 728 2062 Suida
754 1998 843 2080 prius
872 1989 913 2062 άν
937 1997 1143 2082 Aristophani
1171 1997 1380 2063 reddiderrmt
1403 1997 1480 2062 Por-

335 2123 429 2169 sonus
461 2109 494 2168 et
525 2103 664 2169 Koenius
696 2103 735 2168 ed
771 2103 901 2188 Greger.
935 2103 1075 2170 Corinth.
1104 2126 1154 2187 pg.
1181 2105 1238 2181 44,
1270 2124 1348 2187 ques
1380 2105 1480 2169 secuti

334 2217 408 2275 sunt
436 2207 575 2274 editores
607 2211 798 2274 recentiores
826 2216 953 2275 seruato
981 2211 1102 2275 seilicet
1134 2202 1176 2274 άν
1204 2211 1385 2292 posteriore.
1439 2211 1481 2274 At

334 2338 405 2380 oum
427 2316 512 2398 apud
536 2315 666 2381 Suidem
689 2317 760 2380 aliis
788 2317 878 2392 loeis,
905 2316 960 2380 nbi
988 2318 1073 2399 apud
1098 2316 1339 2398 Aristophanem
1364 2316 1481 2398 duplex

335 2417 377 2486 ἂν
396 2422 512 2505 legitur
520 2421 558 2505 ⁶),
581 2423 737 2505 posterius
756 2415 798 2485 άν
817 2423 920 2487 omitti
945 2423 1054 2498 soleat,
1078 2425 1173 2486 etiam
1197 2423 1257 2486 hoe
1278 2422 1346 2486 loco
1366 2422 1481 2486 eicien-

334 2529 408 2591 dum
433 2549 501 2592 esse
525 2529 678 2592 Kusterus
701 2528 823 2594 censuit
851 2535 883 2592 et
911 2521 953 2592 άν
975 2529 1179 2612 μαινοίμεθα
1206 2549 1264 2612 pre
1288 2520 1330 2591 άν
1352 2529 1479 2611 μαινοί-

333 2626 411 2718 μεθ’
434 2627 476 2697 άν
501 2635 706 2716 Aristophani
734 2635 964 2698 restituendum
995 2635 1130 2717 putauit.
1181 2633 1327 2698 Ceterum
1355 2635 1394 2698 de
1422 2635 1481 2698 du·

334 2741 425 2823 plicis
461 2732 504 2803 άν
544 2761 603 2804 usn
640 2747 673 2804 et
709 2741 811 2822 pretio
850 2741 886 2804 υί.
929 2741 965 2805 G.
998 2741 1213 2804 Hermanuum
1254 2741 1294 2804 uo
1329 2739 1480 2822 Vigerum

334 2867 384 2929 pg.
410 2847 474 2911 814
498 2867 564 2926 sqq.
589 2852 621 2909 et
643 2845 815 2928 Reisigium
838 2846 871 2909 in
895 2843 1046 2911 Cenieett.
1070 2867 1119 2928 pg.
1148 2847 1206 2910 187
1237 2845 1307 2910 188.

425 2951 462 3015 In
486 2972 512 3015 v.
533 2951 595 3013 257
621 2943 718 3036 ἥδιον
741 2953 824 3033 quod
850 2952 935 3034 apud
959 2951 1088 3016 Snidam
1111 2973 1260 3034 peruerse
1283 2950 1399 3034 legitur
1423 2973 1481 3034 pro

335 3049 391 3122 ίδὶ
414 3059 460 3120 ita
484 3057 616 3122 fortasse
636 3063 741 3120 ortum
760 3065 818 3134 est,
842 3065 878 3122 ut
900 3058 1050 3122 librarius
1073 3065 1237 3122 noeentum
1258 3079 1386 3140 grauem
1406 3079 1481 3122 casu

335 3165 510 3245 longiorem
533 3162 650 3225 faoturn
675 3184 732 3245 pro
755 3171 830 3227 note
854 3185 891 3227 ee
914 3166 1083 3254 acciperet,
1112 3185 1174 3247 qna
1195 3175 1252 3228 ἱον
1276 3163 1356 3228 solet
1383 3165 1482 3246 signi-

335 3268 423 3333 fioari
447 3291 467 3331 a
489 3267 722 3352 taehygraphis.

424 3375 542 3439 Versus
574 3375 635 3438 261
671 3375 752 3439 duee
785 3382 895 3438 extant
926 3377 1011 3458 apud
1044 3375 1172 3440 Suidsm
1212 3376 1343 3452 formae,
1379 3377 1483 3440 altera

335 3504 358 3546 s.
382 3481 422 3565 gl.
440 3473 635 3564 Ἔγκυκίονε

437 3579 514 3672 Φὲρ
538 3582 702 3671 ἔγκυκλον
726 3588 830 3651 τουτί.
878 3579 1028 3670 Λάμβαν’
1052 3579 1121 3650 άπὸ
1145 3593 1203 3673 τῆς
1225 3588 1383 3666 κλινίδος,

335 3695 437 3760 alters
459 3715 482 3758 s.
506 3695 546 3776 gl.
570 3693 698 3770 Κίινίςε

455 3833 487 3852 υ
504 3791 696 3884 Ἔγκυκλον.
748 3801 846 3864 Τουτὶ
869 3791 1009 3883 λάμβαν’
1032 3789 1100 3862 άπὸ
1124 3806 1181 3884 τῆς
1204 3799 1362 3876 κλινίδος,

337 3963 549 3971 ...φ-...ᾑ-

410 4068 428 4127 ι)
447 4064 487 4118 sie
507 4081 526 4117 s.
547 4065 582 4133 gl.
603 4059 806 4136 Ἐμιτροίσατος
826 4081 847 4118 s.
866 4064 903 4133 gl.
922 4058 1050 4127 Ἰωνικὸς·
1071 4065 1218 4118 διεκίνουν.

409 4154 430 4215 ί)
449 4153 583 4207 Emendd.
602 4171 647 4222 pg.
669 4157 719 4208 166
739 4155 780 4209 ed.
800 4153 884 4207 Oxen.

410 4241 483 4306 'tad
504 4241 679 4295 Charitonem
699 4259 744 4310 pg.
763 4243 823 4298 560.

408 4329 428 4391 ⁴)
448 4323 707 4398 Vindd.'Aristoph.
728 4347 772 4398 pg.
793 4330 852 4383 149.

408 4416 429 4483 ὗ)
449 4417 536 4470 uuus
556 4417 606 4484 sq.
629 4419 704 4471 nos.
744 4419 805 4486 μμ.
826 4419 879 4472 115
901 4419 950 4470 no
970 4419 1030 4472 sei.
