3304 4928
263 1261 344 1327 Vere
368 1263 443 1326 anni
468 1262 498 1326 h.
522 1284 545 1329 s.
570 1263 694 1341 LXXV,
721 1286 791 1328 cum
815 1263 944 1328 libellus
967 1265 1006 1328 de
1029 1263 1211 1342 „titulorum
1234 1265 1320 1330 Afri-

177 1390 326 1434 canorum
363 1369 608 1454 orthographie“
640 1391 660 1435 a
693 1370 849 1436 Guilelmo
882 1370 1012 1434 Moeller
1044 1373 1083 1436 ad
1118 1393 1255 1438 summos
1288 1374 1320 1436 in

173 1476 375 1561 philosophia
396 1475 531 1542 honores
555 1477 595 1542 ab
619 1478 812 1562 amplissimo
830 1476 1090 1562 philosophorum
1108 1480 1218 1544 ordine
1238 1480 1319 1563 Gry-

173 1583 396 1666 phiswaldensi
419 1584 480 1648 rite
503 1585 718 1668 impetrandos
737 1585 856 1669 publici
875 1585 954 1649 iuris
976 1584 1078 1650 factus
1097 1591 1155 1662 est,
1177 1607 1236 1669 ego
1254 1587 1321 1671 ipse

173 1691 236 1754 iam
260 1711 323 1754 uon
346 1690 447 1754 solum
465 1713 503 1756 ex
522 1691 561 1754 iis
579 1693 803 1774 grammaticae
822 1691 976 1775 partibus,
998 1692 1038 1756 de
1057 1692 1171 1776 quibus
1189 1691 1321 1759 Mueller

174 1796 342 1880 diligenter
365 1798 440 1880 egit,
463 1799 517 1862 sed
541 1800 636 1863 etiam
660 1820 699 1864 ex
722 1800 836 1864 ceteris
860 1819 905 1874 ea,
929 1817 1009 1882 quae
1033 1799 1212 1882 discrepare
1231 1799 1320 1865 vide·

174 1904 290 1970 bantur
312 1904 352 1970 ab
376 1906 569 1988 elegantiore
591 1904 717 1989 linguae
740 1906 872 1971 Latinae
900 1906 1140 1983 consuetudine,
1168 1911 1320 1988 qnantum

174 2011 254 2076 vires
282 2033 370 2078 meae
396 2017 464 2077 tum
492 2012 653 2090 velebant,
681 2018 830 2098 congesta
855 2011 1012 2078 habebam
1040 2035 1079 2077 ex
1100 2013 1229 2079 Renieri
1252 2035 1320 2080 eor-

174 2141 249 2202 pore
272 2119 512 2204 inscriptionum
534 2119 762 2186 Africanarum.
801 2119 868 2185 Illis
892 2126 925 2185 et
947 2121 1018 2186 aliis
1043 2121 1321 2186 exercitationibus

175 2225 261 2290 nisus
289 2227 363 2290 inde
390 2247 411 2291 a
437 2223 499 2292 fine
526 2228 601 2292 anui
630 2226 789 2312 sequentis
812 2227 915 2291 denuo
939 2227 1013 2292 huic
1036 2228 1213 2292 studiorum
1236 2229 1320 2310 parti

175 2353 300 2416 oporam
330 2333 416 2410 dedi,
444 2334 569 2418 egregie
597 2335 725 2400 adiutus
753 2339 786 2397 et
814 2355 833 2397 a
857 2331 996 2398 Gustare
1020 2333 1206 2412 wilmarius,
1233 2336 1321 2402 cuius

174 2440 234 2504 viri
262 2441 434 2507 doctissimi
461 2447 594 2506 mortem
626 2445 861 2524 praematuram
883 2457 995 2505 ‘omnes
1023 2439 1175 2524 philologi
1202 2440 1321 2524 lugent,

174 2548 229 2631 qui
248 2547 383 2632 quidem,
402 2554 437 2612 ut
455 2549 591 2632 plagulis
604 2551 708 2614 octavi
723 2548 871 2632 Corporis
886 2547 909 2611 I.
924 2547 967 2624 L,
986 2547 1060 2612 dum
1075 2547 1108 2611 id
1122 2547 1321 2631 imprimitur,

174 2654 341 2722 voluminis
367 2654 408 2720 ab
437 2658 505 2739 ipso
529 2656 630 2720 curati
654 2660 774 2732 uterer,
802 2675 925 2721 summa
947 2675 1009 2739 que
1033 2661 1102 2719 eret
1125 2653 1321 2739 benignitate

175 2762 332 2846 permisit,
360 2768 393 2827 et
416 2785 436 2828 a
459 2763 614 2828 Guilelmo
638 2762 834 2828 Studemund
863 2768 1067 2846 praeceptore
1091 2782 1174 2839 meo,
1197 2765 1251 2846 qui
1275 2784 1322 2842 ea,

175 2889 357 2952 quaecum
382 2891 546 2936 censuram-
556 2871 581 2953 ¹)
605 2869 704 2934 libelli
725 2869 920 2934 Muelleriani
944 2869 976 2932 iu
1000 2869 1088 2946 actis,
1111 2871 1319 2953 0000011000-

175 2981 228 3040 tur
245 2977 429 3058 Zeitscbrrfl
446 2977 504 3058 fiir
522 2981 648 3041 oestcrr.
667 2975 794 3056 Gymrr„
816 2975 901 3040 1875
919 2997 949 3060 p.
966 2974 1142 3042 512-516
1161 2976 1322 3055 scriberet,

176 3084 307 3150 consilia
330 3084 471 3161 dederet,
494 3083 571 3148 mihi
599 3105 657 3168 per
680 3083 835 3166 colloquia
858 3084 1036 3148 accuratius
1059 3085 1212 3166 exposuit.
1258 3083 1320 3149 Sed

175 3190 323 3275 quoniam
346 3197 469 3256 constat
496 3190 582 3254 haud
609 3211 738 3274 parvam
766 3195 889 3274 partem
918 3190 1057 3273 corporis
1080 3190 1320 3274 inscriptionum

175 3296 396 3362 Africanarum
418 3319 439 3362 a
456 3297 591 3363 chiero
614 3299 715 3362 curati
740 3295 838 3360 dubia
859 3295 922 3362 fide
944 3296 1005 3362 niti
1023 3303 1187 3362 auctorum
1209 3319 1321 3381 parum

176 3405 417 3470 exercitatorum
440 3406 473 3470 in
497 3403 712 3471 describendis
736 3403 902 3468 titulorum
925 3402 1040 3468 litteris
1059 3403 1197 3468 hastisve
1220 3404 1321 3486 magis

175 3512 317 3577 minusve
339 3511 489 3587 credidis,
516 3512 769 3595 disquisitionem
791 3531 893 3576 meam
917 3513 1002 3576 intra
1025 3531 1133 3576 earum
1155 3511 1321 3594 regionum

175 3617 396 3684 Africanarum
414 3617 492 3684 fines
511 3619 658 3684 cohibere
676 3618 770 3695 volui,
789 3639 921 3702 quorum
935 3617 1021 3682 tituli
1036 3623 1166 3682 curante
1181 3617 1321 3684 Gustare

175 3725 350 3791 Wilmanns
377 3748 398 3790 a
424 3726 620 3815 typographo
648 3726 731 3810 typis
760 3727 822 3790 iam
850 3726 1000 3808 descripti
1027 3729 1131 3800 erent,
1159 3745 1228 3790 cum
1256 3745 1322 3790 ma-

175 3835 288 3900 teriam
311 3839 492 3918 congestam
516 3834 549 3899 in
571 3833 685 3899 indicis
708 3832 839 3898 formem
863 3832 1007 3916 redigere
1031 3833 1128 3916 coepi,
1156 3831 1174 3895 i.
1197 3851 1223 3898 e.
1246 3853 1322 3897 usus

175 3963 243 4006 suru
266 3942 376 4026 primis
403 3941 487 4006 1836
510 3940 613 4006 titulis
636 3961 674 4005 ex
693 3938 840 4023 Corporis
863 3939 887 4005 I.
907 3939 1018 4005 hrot
1040 3938 1115 4003 VIII
1135 3939 1260 4024 (1-44
1284 3962 1322 4004 ex

174 4069 260 4132 prov.
284 4046 497 4130 Tripolitene3
520 4047 671 4114 45--751
698 4069 736 4112 ox
758 4067 844 4130 prov.
863 4047 1038 4131 Byzacena3
1062 4046 1259 4112 roa-1836
1283 4069 1322 4112 ex

175 4176 260 4238 prov.
284 4153 529 4240 Proconsulari).

267 4353 286 4416 ¹)
305 4351 355 4416 Ee,
375 4365 446 4420 queo
461 4349 576 4418 Ludwig
596 4351 630 4405 de
654 4348 889 4404 libelloMoolleri
910 4348 938 4402 in
957 4347 1176 4403 Jahmbm'chte
1193 4348 1259 4402 dher
1279 4349 1323 4403 dic

176 4437 362 4492 Fortschrittc
386 4439 435 4492 der
454 4440 532 4494 close.
553 4439 912 4504 Allerihumswr'saenschaft
930 4439 982 4500 lV,
1001 4441 1031 4503 6,
1050 4455 1077 4506 p.
1097 4439 1150 4493 253
1169 4454 1209 4507 sq.
1229 4445 1322 4506 protu-

176 4527 218 4586 lit,
237 4527 297 4582 lere
317 4527 386 4581 nihil
405 4527 467 4582 nori
487 4528 636 4595 continent,
657 4527 722 4596 quin
741 4527 910 4583 Studemund
930 4526 984 4582 iem
1004 4543 1053 4582 suo
1072 4526 1132 4582 loco
1151 4525 1261 4581 dixerit.
