3258 4928
579 455 621 468 -
669 417 754 502 [aar
801 452 845 466 -
1260 417 1280 481 s

151 610 316 675 Krebsiani
339 610 490 692 editione,
516 630 612 692 quam
629 609 822 695 Allgayerus
841 607 973 690 curavit,
1000 605 1088 671 haud
1104 625 1206 690 pauca
1221 605 1280 670 ad-
1359 597 1362 602 ’

150 715 219 780 dere
242 714 341 780 licuit.

230 821 309 885 Cum
340 825 448 883 autem
470 818 534 882 iam
557 817 814 902 perscripsissem
839 817 924 880 hunc
951 814 1113 889 libellum,
1139 814 1280 878 oblatum

150 921 221 985 mihi
252 930 301 986 est
329 923 478 986 volumen
508 921 597 1005 prius
635 929 776 984 aetorum
810 918 974 982 seminarii
999 916 1188 1001 phitotopiei
1215 919 1281 981 Er-

149 1025 301 1108 tonpenaia
327 1026 368 1088 ab
390 1025 416 1088 Ι.
443 1025 597 1089 Muellero
620 1031 652 1089 et
674 1024 711 1087 u.
738 1022 922 1088 Woelfflino
953 1021 1120 1086 editorum.
1169 1020 1218 1083 Ex
1240 1020 1280 1084 iis

149 1149 226 1209 quae
256 1130 288 1192 in
311 1128 371 1192 hoe
393 1127 554 1192 volumine
585 1127 787 1192 eontinentur
816 1125 1041 1210 scriptionibus
1070 1123 1112 1188 ad
1143 1124 1280 1189 similem

148 1240 239 1313 atrpue
263 1253 323 1313 ego
345 1231 481 1297 tractavi
505 1230 670 1296 materiam
698 1230 835 1314 pertinet
863 1228 1003 1311 diligens
1026 1229 1067 1292 H.
1093 1226 1282 1292 Hellmuthii

148 1336 368 1400 commentatio
403 1337 442 1397 de
471 1335 623 1398 semonia
649 1333 915 1416 proprietatibus,
954 1353 1032 1415 qnae
1062 1331 1096 1393 in
1120 1331 1282 1414 prioribus

151 1438 306 1501 Ciceronis
335 1438 527 1501 orationibus
557 1437 759 1500 inveniuntur
792 1436 825 1517 (l.
856 1435 879 1498 l.
912 1454 985 1518 pag.
1017 1437 1070 1496 101
1088 1435 1215 1516 -174)
1251 1439 1284 1498 et

147 1547 313 1606 accuratus
336 1541 375 1604 Α.
402 1539 555 1606 Koehleri
578 1540 707 1605 libellus
736 1540 959 1602 deductorum
982 1537 1057 1600 delli
1078 1535 1231 1621 Africani
1253 1543 1283 1598 et

148 1643 220 1706 delli
248 1644 473 1727 Hispaniensis
509 1643 668 1706 latinitate
705 1643 788 1727 (pag.
815 1643 877 1704 367
893 1677 935 1687 -
951 1642 1041 1723 471).
1087 1640 1164 1704 Post
1191 1639 1284 1702 Hell-

148 1745 299 1811 muthium
338 1746 473 1812 eandem
510 1745 678 1811 materiam
716 1744 903 1810 retractavit
943 1742 991 1808 e„
1024 1741 1205 1825 Landgraf,
1246 1743 1284 1805 de

151 1851 308 1914 Ciceronis
336 1851 508 1914 elocutione
541 1850 574 1913 in
590 1847 799 1912 *orationibus
828 1869 891 1932 pro
920 1849 960 1911 P.
990 1846 1136 1916 Quinctio
1165 1853 1195 1910 et
1222 1867 1284 1928 pro

146 1957 217 2016 Sex.
243 1954 359 2016 Boario
382 1953 534 2044 Amerino
557 1953 742 2036 eonsprbna,
768 1951 814 2016 ita
835 1959 960 2028 tamen,
987 1956 1022 2014 ut
1044 1950 1129 2014 iutra
1150 1949 1284 2013 artiores

146 2075 216 2119 sese
235 2057 415 2120 'contineret
436 2055 528 2120 fines.
578 2055 731 2135 Reliquos
758 2054 876 2136 quibus
905 2071 983 2118 usus
1013 2072 1083 2117 sum
1105 2052 1204 2118 libros
1227 2071 1284 2116 suo

145 2177 301 2239 quemque
324 2159 393 2223 loco
416 2158 598 2223 nominabo.

231 2262 353 2339 Restat,
387 2267 421 2324 ut
447 2279 588 2325 summas
617 2259 739 2342 gratias
769 2279 865 2342 agam
895 2258 1056 2323 Guilelmo
1084 2255 1285 2320 Studemund
1378 2285 1381 2294 ⁴

145 2361 343 2447 praeceptori
367 2383 448 2443 meo,
475 2363 528 2444 qui
552 2363 638 2427 etin
662 2361 780 2426 scholis
803 2361 1007 2444 argentorati
1036 2359 1156 2424 habitis
1182 2358 1283 2423 multa

144 2466 187 2530 ad
209 2467 413 2548 quaestiones
436 2486 456 2530 a
480 2485 530 2529 me
552 2472 704 2530 tractatas
734 2463 929 2548 pertinentia
959 2463 1065 2548 tetigit
1094 2470 1126 2528 et
1156 2463 1187 2526 iu
1217 2469 1283 2527 toto

144 2568 204 2633 hnc
227 2569 336 2633 libello
358 2567 552 2653 perficiendo
575 2574 607 2633 et
629 2567 761 2632 oonsilio
785 2574 816 2633 et
838 2587 872 2632 re
893 2587 944 2632 me
960 2566 1094 2648 adiuvit,
1122 2573 1154 2632 et
1169 2565 1286 2632 Carolo

144 2673 296 2737 Eduardo
326 2672 469 2754 Georges
500 2669 799 2754 lexicographorum
835 2670 990 2754 principi,
1028 2670 1083 2752 qui
1112 2671 1285 2754 praecipue

142 2795 183 2839 ex
200 2775 409 2858 posteriorum
430 2780 570 2839 aetatum
587 2773 795 2857 scriptoribus
810 2774 934 2856 largam
951 2773 1171 2856 exemplorum
1187 2791 1283 2856 sege-

141 2885 205 2942 tem
229 2876 271 2940 ad
293 2864 404 2960 capita
426 2877 489 2942 Iet
505 2878 548 2941 IV
571 2875 784 2961 pertinentem
808 2875 1040 2958 benignissime
1063 2875 1142 2940 mihi
1164 2895 1286 2960 sappe-

141 2981 273 3060 ditavit,
300 3001 360 3044 uec
381 3001 445 3044 nou
469 2979 619 3045 Eduardo
641 2979 821 3061 Woelfflin,
855 2979 909 3062 qui
939 2979 1104 3063 complura
1134 2981 1285 3063 exempla

140 3105 162 3148 a
185 3104 219 3148 se
242 3083 379 3148 collecta
404 3103 528 3148 meeum
557 3082 791 3149 communicare
814 3082 926 3148 voluit.
974 3083 1097 3146 Novam
1121 3083 1284 3148 Ciceronis

141 3189 295 3252 librorum
319 3186 359 3250 de
382 3187 566 3252 inventione
590 3187 771 3268 editionem,
798 3207 893 3269 quam
917 3184 1098 3269 nuperrime
1120 3185 1284 3250 Andream
1382 3263 1384 3270 Α

143 3292 296 3357 Weidner
318 3309 449 3355 curasse
473 3289 580 3370 audio,
606 3290 747 3355 nondum
769 3289 846 3355 vidi.
927 3375 935 3386 ι

595 3589 760 3692 caput
790 3589 846 3670 Ι.’

478 3773 518 3838 Δ.
556 3771 608 3838 De
631 3771 816 3838 verborum
841 3770 951 3853 copis.

672 3943 743 4027 §r

257 4065 495 4150 Composita
517 4063 769 4128 adhibentur
791 4083 859 4146 pro
883 4061 1163 4147 simplicibus,

228 4221 461 4305 Colligentibus
483 4240 523 4284 ex
539 4218 707 4284 Cornificio
731 4224 763 4282 et
784 4239 825 4282 eu
847 4217 958 4301 primis
974 4217 1136 4284 Ciceronis
1153 4218 1284 4304 scriptis

133 4327 296 4394 voeabula
320 4349 375 4404 ea,
402 4325 517 4406 quibus
547 4331 659 4406 postca.
683 4321 794 4386 Cicero
823 4328 855 4385 et
884 4322 937 4403 qui
966 4341 1038 4386 eum
1070 4326 1172 4390 secuti
1207 4333 1282 4390 sunt

1038 4441 1069 4493 μ
