3262 4926
614 396 829 457 ..ῃ-

145 581 250 666 tisqne
278 580 442 666 sulphuris
469 601 587 666 graves
616 601 712 648 auras
735 581 980 655 exhalantibus;
1015 584 1047 646 2.
1072 601 1171 669 saepe
1194 583 1293 652 aedes

147 683 332 749 fulminibus
353 684 497 751 accendi.
543 683 670 751 Deinde
691 684 888 750 demonstrat
911 684 995 750 buna
1018 683 1162 751 fulminis
1184 686 1292 770 ignem

147 787 298 852 subtilem
320 806 392 854 oum
415 786 527 872 primis
549 787 679 871 ignibus
701 806 775 853 esse
798 807 819 851 a
842 793 957 852 natura
979 787 1203 864 constitutum
1230 809 1293 872 quo

147 890 247 956 verba
271 892 398 956 nst—8
422 898 579 976 spectant,
606 895 701 973 atque
725 890 821 955 etium
844 889 990 957 versibus
1014 893 1076 956 230
1092 911 1161 975 sqq.
1182 890 1291 958 fulmi-

147 992 197 1058 nis
218 993 351 1060 effeetus
375 992 452 1059 solis
474 992 573 1059 oalori
596 999 816 1079 opponuntur:
843 1012 918 1058 narn
941 993 1011 1059 vooi
1030 1003 1149 1077 pusato
1170 993 1204 1061 in
1228 999 1290 1060 230
1360 1004 1366 1026 ¹

147 1094 327 1180 oppositum
350 1102 400 1162 est
422 1105 557 1162 aetatem
578 1095 612 1161 in
635 1099 709 1162 236.
756 1096 794 1161 In
817 1095 924 1162 serbis
947 1116 1023 1163 vero

208 1201 211 1208 ’
277 1199 391 1264 transit
412 1199 493 1264 enim
515 1199 654 1264 validum
665 1199 798 1285 fulmen
817 1221 877 1282 per
898 1221 977 1264 sana
994 1221 1055 1282 per
1077 1223 1152 1264 uera

147 1301 186 1367 de
208 1301 306 1386 ignea
328 1301 471 1368 fulminis
494 1309 608 1368 natura
631 1302 759 1368 omnino
782 1321 846 1368 non
868 1301 985 1385 agitur.

233 1404 359 1471 Deinde
388 1405 464 1488 quid
494 1404 545 1472 hia
574 1404 655 1471 illud
678 1405 817 1469 validum
839 1405 901 1471 sibi
924 1405 1010 1486 vult,
1037 1425 1109 1471 oum
1133 1413 1228 1490 poeta
1250 1406 1290 1472 de

148 1507 323 1574 subtilitate
345 1507 487 1574 fulminis
510 1507 682 1575 dicendum
704 1506 765 1574 sibi
782 1508 992 1593 proposuerit,
1011 1508 1202 1592 praesertim
1218 1529 1290 1576 eum

148 1608 188 1677 de
210 1610 241 1676 vi
265 1611 335 1677 eius
356 1611 432 1678 inde
455 1632 476 1676 a
498 1614 561 1678 239
584 1611 713 1678 demum
736 1615 834 1695 agat?
859 1647 895 1658 -

233 1714 417 1796 Sequuntur
439 1713 502 1780 dno
524 1714 598 1793 loci,
623 1714 677 1797 qui
700 1713 908 1781 Laobmanuo
931 1713 974 1780 ad
996 1713 1123 1782 leuioris
1146 1715 1290 1801 pbiloso-

149 1815 202 1902 phi
232 1836 360 1902 opersm
391 1816 550 1902 pertinere
584 1816 740 1899 videntur,
781 1816 858 1882 mibi
892 1837 913 1882 a
940 1818 1150 1902 grammatico
1183 1820 1289 1904 potius

150 1919 275 1988 inserti:
594 1921 649 2000 IV,
677 1922 844 1984 799-801
889 1937 896 1951 ·

299 2031 411 2087 tanta
433 2032 491 2087 est
512 2023 753 2105 mobilitas¹)
781 2029 818 2086 et
840 2045 975 2087 rerum
997 2024 1112 2106 copia
1136 2032 1261 2088 tantu.

298 2125 357 2189 doc
379 2125 597 2208 ubiprima
613 2125 727 2208 perit
749 2125 910 2208 alioque
933 2133 990 2189 est
1011 2127 1148 2190 altera
1169 2141 1261 2190 nata

298 2227 389 2291 inde
415 2236 542 2305 statu,
573 2228 687 2310 prior
714 2227 777 2291 hio
804 2236 961 2312 pastum
988 2237 1163 2292 mutasse
1187 2229 1247 2292 oi-

354 2331 482 2395 detur.
970 2349 973 2356 ·

152 2489 155 2494 .
197 2437 263 2512 (771
293 2433 419 2518 quippe,
444 2433 514 2498 ndi
527 2433 661 2516 prima
679 2434 792 2516 perit
814 2433 961 2517 alioque
977 2434 1288 2498 eatalteranata

298 2537 389 2600 inde
417 2545 544 2615 statu,
571 2535 694 2619 prior
720 2536 785 2599 dio
812 2544 963 2619 pestem
991 2545 1164 2600 mutasse
1187 2537 1246 2600 oi-

354 2619 499 2705 detur..

297 2743 426 2822 scilieet,
451 2741 578 2826 sdfisrs'
597 2741 694 2805 aeleri
714 2741 837 2806 ratione
853 2742 1083 2824 putandumst:

301 2853 416 2909 tanta
439 2853 497 2909 esi
519 2844 729 2909 mobilitas
751 2853 788 2909 et
809 2866 940 2908 rerum
963 2845 1079 2928 capia
1102 2847 1241 2928 taneta.)

646 2948 683 3028 v,
714 2951 796 3014 1315

302 3049 519 3134 terrificas
533 3050 708 3133 capitum
724 3050 951 3134 prosilientes
965 3050 1268 3134 undiqueeristas

157 3154 207 3236 (ΙΙ,
225 3157 286 3219 632
304 3153 519 3239 terrificas
533 3151 713 3236 capitum
730 3153 955 3237 quatientes
968 3153 1102 3217 momine
1117 3153 1285 3235 cristas.)

150 3259 231 3322 Nam
267 3256 416 3339 quonism
453 3275 508 3340 pg.
547 3260 582 3319 14
619 3255 758 3321 vidimus
798 3256 947 3322 lectorem
986 3254 1291 3339 interpolationibus

151 3380 281 3445 operam
309 3380 373 3426 non
402 3360 546 3440 dedisse,
580 3378 621 3426 ne
651 3358 711 3424 has
741 3357 868 3441 qnidam
892 3357 1155 3441 interpolationes
1179 3357 1209 3423 ei
1231 3357 1290 3423 tri-

150 3465 294 3529 buemus.
334 3461 553 3546 Interpolandi
576 3469 682 3528 autem
705 3481 805 3526 eausa
827 3479 882 3526 eos
905 3477 1018 3526 versus
1040 3459 1193 3542 repetitos
1216 3478 1289 3526 esse

152 3568 265 3647 elucet,
291 3585 363 3632 aum
386 3565 459 3630 ideo
475 3563 589 3630 mutati
611 3563 686 3645 sint,
712 3571 748 3628 ut
770 3563 872 3628 altero
895 3561 964 3626 loco
980 3560 1127 3627 omnibus
1149 3581 1190 3626 ex
1212 3580 1291 3645 par-

152 3670 235 3734 tibus
258 3689 330 3734 oum
353 3667 506 3752 proximis
529 3665 700 3734 eonvenite
723 3665 919 3732 viderentur.
944 3701 988 3713 -

236 3770 322 3836 Setis
345 3767 476 3836 difficile
499 3777 549 3837 est
570 3769 722 3836 iudiaium
745 3769 787 3835 de
810 3766 956 3834 versibus

616 3873 654 3953 V,
684 3873 823 3936 isius

238 3978 321 4042 teia
351 3977 531 4062 infracta
553 3998 622 4040 suo
647 3975 877 4059 tinpuenles
899 3972 1094 4056 sanquine
1115 3971 1201 4035 saeui

235 4081 269 4144 in
290 4079 489 4164 refracta
510 4101 579 4142 suo
604 4079 841 4164 linquentes
863 4074 1065 4162 sanquine
1090 4075 1182 4138 tela.

220 4219 236 4282 ¹)
259 4217 332 4286 quod
352 4217 381 4272 ln
400 4215 543 4271 codicibus
562 4215 636 4272 inest
654 4221 730 4271 tanta
743 4215 898 4275 mobilitas&
919 4212 1100 4269 librariorum
1114 4210 1295 4281 neglegenda

152 4301 261 4356 uldetur
278 4303 433 4372 irrepsisse.
