3274 4938
832 393 1048 458 „46-

459 565 522 631 Sed
541 572 627 632 recte
645 567 749 649 Bergk
769 567 909 650 scripsit:

527 669 706 760 χαιρήσεις·
728 669 869 738 δύναται
889 665 922 738 d’
942 680 946 754 1
968 667 1089 740 ἄλλοτε
1109 669 1209 751 ἄλλος
1228 667 1320 761 ἀνήρ.
1328 677 1354 760 ¹)

369 778 485 844 Simon.
505 778 537 843 C.
557 779 610 856 96,
630 780 649 843 2
669 771 815 844 κυάνεον
835 777 991 846 θανάτου
1011 784 1017 866 Ι
1038 773 1272 865 ἄμφεβάλοντο
1290 780 1401 862 νέφος.

459 886 545 965 Quae
582 887 642 950 viri
679 887 765 950 docti
801 888 1002 953 coniecerunt
1038 888 1109 953 vide
1141 887 1225 971 apud
1258 888 1430 972 Bergkium
1464 888 1523 952 PL

368 1014 398 1076 p.
416 991 510 1057 1150.
538 991 684 1056 Ceterum
698 993 813 1074 Bergk,
831 991 1058 1071 Schneidewin,
1076 995 1225 1078 Hartung
1242 994 1303 1059 hoc
1321 995 1523 1078 epigramma

369 1097 523 1163 Simonidi
542 1098 765 1185 abiudioant.²)
845 1155 860 1184 ‚

458 1204 590 1270 Constat
617 1205 715 1288 igitur
741 1205 936 1287 antiquiores
959 1213 1070 1289 poetas
1094 1207 1248 1290 elegiacos
1270 1206 1429 1272 rarissime
1453 1209 1522 1290 syl-

368 1310 473 1375 labam
496 1311 666 1394 ancipitem
685 1313 716 1375 in
735 1313 926 1394 pentametri
944 1314 1161 1391 commissura,
1183 1312 1306 1378 hiatum
1324 1321 1431 1378 autem
1450 1313 1520 1378 for-

368 1423 453 1481 tasse
471 1437 625 1501 nusquam
644 1417 816 1483 admisisse.

581 1645 610 1701 3.
633 1645 677 1703 Be
696 1647 873 1704 0110100010
892 1650 1087 1706 commissura
1105 1651 1300 1718 pentametri.

457 1787 613 1854 Elisiones
637 1790 669 1853 in
688 1793 891 1858 commissura
914 1793 1105 1876 pentametri
1129 1793 1148 1856 i.
1173 1814 1199 1858 e.
1218 1795 1251 1857 in
1270 1791 1422 1857 diaeresis
1440 1793 1518 1856 sede

370 1895 574 1959 inveniuntur
591 1894 641 1960 his
660 1897 789 1982 locis³):

458 2025 477 2066 ο
510 2001 640 2067 eliditur
667 2004 847 2087 quinquies:
885 2005 970 2088 Tyrt.
999 2005 1034 2080 8,
1060 2005 1091 2069 4.
1122 2005 1176 2080 12,
1204 2006 1234 2069 2.
1284 2003 1346 2070 Sol.
1377 2005 1432 2081 13,
1462 2007 1516 2069 60.

370 2108 481 2172 Anser.
503 2109 575 2184 104,
595 2109 623 2172 2.

368 2214 506 2297 Theogn.
526 2215 605 2279 982:
624 2207 696 2279 ἀλλ’
715 2213 824 2300 100ον
842 2207 970 2297 oolvot’
990 2217 995 2300 Ι
1016 2215 1046 2280 el
1062 2238 1095 2280 τι
1115 2209 1265 2301 δύναι’,*)
1284 2209 1426 2300 ἀγαθόν.

458 2345 469 2385 ι
488 2321 618 2385 eliditur
637 2323 749 2387 sexies:
773 2322 848 2387 Call.
870 2325 898 2399 1,
912 2324 941 2386 9.
970 2321 1032 2386 Sol.
1048 2324 1100 2399 26,
1116 2324 1144 2386 2.
1172 2323 1516 2406 ’11100806001142
1616 2343 1617 2356 ’

369 2427 411 2490 26
431 2418 509 2492 οὔθ’
528 2417 599 2491 ὕων
618 2419 813 2514 πάντεσο’1)
835 2429 839 2514 l
861 2421 999 2493 ἁνδάνει
1018 2420 1089 2492 οὔτ’
1109 2421 1238 2511 ἀνέχων

369 2533 435 2596 622
456 2533 558 2612 ξείνια
579 2533 614 2597 dl
633 2526 845 2621 aledvsoo'⁶)
867 2537 871 2621 l
893 2527 934 2600 ori
954 2526 1097 2610 δυνατὸς
1115 2534 1280 2619 παρέχειν.

369 2661 579 2668 w*—

459 2730 479 2792 ¹)
497 2727 567 2782 Nam
591 2721 692 2782 ἄλλοτε
717 2721 801 2792 ἄλλος
823 2745 876 2782 000
900 2728 1022 2784 offendit.
1051 2729 1101 2783 cir.
1120 2729 1295 2783 Homericum
1314 2721 1416 2783 ἄλλοτε
1436 2723 1517 2804 ἄλλῳ
1616 2721 1617 2752 l

368 2815 428 2881 1011.
448 2817 473 2880 4,
492 2818 554 2874 236)
574 2823 602 2870 01
621 2817 686 2870 Hes.
706 2833 761 2884 erg.
782 2818 834 2871 713
853 2809 954 2874 ἄλλοτε
973 2809 1068 2880 ἄλλον,
1089 2819 1115 2871 h.
1135 2817 1220 2871 Marc.
1239 2819 1292 2872 658
1311 2807 1412 2871 ἄλλοτε
1432 2811 1516 2887 ἄλλῃ,

369 2904 480 2974 Phocyl.
510 2907 555 2970 15,
586 2907 597 2958 1
628 2896 730 2958 cillere
759 2897 847 2958 ἄλλοι.
889 2906 943 2960 801.
974 2908 1019 2971 13,
1049 2907 1083 2960 76
1110 2889 1158 2960 nbi
1185 2905 1278 2973 Bergk
1307 2911 1381 2960 recte
1409 2899 1515 2962 ἄλλοτε

368 2985 452 3055 ἄλλος
472 2985 537 3062 ἔχει.

458 3081 479 3146 1)
498 3080 547 3135 cir.
567 3079 681 3149 Bergkii
699 3081 761 3134 adn.
782 3081 817 3134 ad
837 3081 922 3149 epigr.
942 3081 1050 3146 36111
1071 3099 1096 3149 p.
1117 3081 1185 3134 1149
1204 3082 1262 3149 sq).

458 3169 478 3234 8)
502 3169 602 3222 Eorum
622 3175 729 3222 tantum
748 3185 874 3222 versuum
893 3169 955 3238 ipsa
973 3169 1057 3223 verba
1077 3170 1184 3223 Graece
1203 3168 1365 3236 describam,
1391 3171 1425 3225 dc
1445 3187 1515 3240 quo·

369 3273 428 3311 rum
447 3257 566 3312 lectione
585 3257 691 3326 aliquid
711 3258 873 3312 monendum
894 3265 943 3312 est.

457 3347 477 3413 ⁴)
506 3341 611 3414 pclvoae'
635 3351 663 3399 et
686 3340 773 3399 δύναι’
797 3353 868 3400 10010
892 3346 998 3411 Noltio,
1027 3345 1104 3400 cuius
1127 3345 1275 3400 collatione
1299 3347 1402 3402 codicis
1426 3349 1516 3402 Muti-

367 3433 461 3488 nensis
485 3433 653 3488 Studemund
677 3434 777 3498 utitur,
803 3434 887 3488 habet
910 3437 933 3487 A
957 3441 1019 3502 post
1042 3450 1178 3500 rasuram,
1202 3434 1275 3488 idern
1300 3441 1364 3488 ante
1387 3451 1515 3491 rasuram

368 3522 491 3578 habebat
509 3517 630 3592 φαίνοιτ’
651 3531 679 3576 01
698 3518 810 3576 δύναιτ’.

457 3610 478 3677 1)
497 3606 661 3674 ,,πάντεσσ’,
682 3612 752 3679 quod
772 3612 874 3666 Person
894 3610 1058 3676 coniecerat,
1077 3611 1132 3664 Α.“
1169 3611 1214 3666 810
1233 3611 1332 3679 Bergk.
1366 3611 1420 3666 Sed
1439 3619 1517 3670 teste

367 3698 461 3754 Ncltio
488 3695 628 3754 πάντεσσί
654 3700 745 3770 potius
769 3699 796 3753 in
821 3704 844 3753 A
868 3706 966 3754 exstat.
1013 3700 1090 3767 Quod
1118 3700 1142 3753 si
1170 3708 1247 3754 recte
1275 3705 1393 3754 testatur
1419 3701 1515 3766 Nolae,

368 3787 413 3841 vix
433 3793 508 3843 reete
529 3784 664 3842 advrrco'
680 3789 708 3842 in
727 3790 779 3842 boc
795 3803 874 3842 versu
889 3787 1044 3856 Theognidi
1059 3787 1203 3856 10100110ος
1223 3787 1434 3842 0101000000.
1450 3792 1515 3846 522.

367 3875 487 3930 Diodori
507 3876 566 3942 (cfr.
585 3878 680 3946 Steph.
701 3877 771 3932 thes.
790 3879 811 3942 1,
831 3879 848 3931 2
867 3895 893 3946 p.
914 3877 1007 3943 6360)
1031 3880 1118 3931 πᾶσιν
1141 3875 1266 3945 requirit.
1303 3877 1419 3944 Legitur
1443 3875 1516 3932 πάν-

367 3980 447 4018 τεσσι
472 3965 555 4020 ctiam
579 3965 609 4020 in
632 3982 670 4020 rs.
693 3967 754 4031 373,
779 3965 827 4020 sed
851 3965 878 4018 in
903 3965 1026 4019 clausula
1050 3965 1205 4020 Homerica.
1247 3965 1396 4018 Praeterea
1419 3967 1515 4036 Bergk

367 4053 417 4106 hos
441 4067 491 4108 sss.
511 4054 665 4123 Theognidi
688 4054 838 4109 abiudicat.
875 4053 953 4108 Alias
972 4053 1109 4122 Theognis
1134 4059 1292 4108 constanter
1313 4051 1402 4106 forma
1425 4057 1517 4110 πᾶσιν

367 4140 465 4195 utitur:
491 4141 539 4195 cfr.
560 4158 611 4195 vss.
630 4143 673 4197 24.
693 4145 735 4197 63.
755 4144 797 4197 73.
816 4144 877 4198 261.
896 4144 957 4198 401.
976 4143 1038 4196 449.
1058 4143 1119 4196 622.
1139 4144 1200 4198 718.
1218 4143 1279 4198 802.
1299 4143 1359 4196 804.
1398 4142 1517 4200 Praeter

367 4246 405 4283 vs.
425 4231 478 4284 022
501 4229 659 4284 terminatio
682 4219 795 4298 0οῆσᾶ0)
818 4247 951 4300 nusquam
975 4231 1049 4299 apud
1067 4230 1255 4300 Theognidem
1280 4235 1419 4284 ceterosve
1440 4235 1514 4287 anti-

368 4316 476 4384 quiores
495 4322 591 4385 poetas
611 4317 748 4386 elegiacos
767 4325 858 4374 exstet
877 4325 941 4374 ente
961 4319 1127 4388 pentametri
1147 4319 1292 4374 diaeresin.

456 4405 477 4474 ε)
496 4401 584 4460 πλέον
603 4399 661 4460 ἔστ’
681 4409 737 4460 ΑΟ.
