3272 4920
285 353 346 417 τεο
718 381 761 392 -
810 345 893 428 [κιο]
939 381 984 392 -

369 557 401 622 p.
421 539 527 601 4901ss
554 533 638 598 Τοτὲ
661 531 809 619 μὲνγὰρ
833 525 903 596 ἀπὸ
927 537 988 596 τοῦ
1011 529 1100 596 ίδίου
1123 525 1267 593 έπαίνου
1290 517 1339 610 δέ)
1368 523 1422 588 λέ-

284 663 353 725 γων
376 633 459 705 αὐτὸ
469 641 490 722 ²)
520 634 675 722 ἄρχεται,
702 636 777 702 τοτὲ
800 635 836 702 δέ
861 629 930 700 ἀπὸ
962 640 1020 721 τῆς
1050 632 1210 718 διαβολῆς
1240 635 1301 694 τοῦ
1331 622 1423 720 ἀντι-

283 741 389 808 δίκου.
443 739 533 819 Quae
561 740 605 807 eit
633 739 684 806 vis
713 739 802 806 voeis
833 731 915 804 αάτό
947 757 1019 804 cum
1048 756 1111 802 non
1141 739 1316 821 appareat,
1350 751 1422 798 eam

283 844 455 912 delendam
486 863 559 910 esse
587 863 715 909 censeo.
762 843 876 926 Neque
905 841 991 907 enim
1020 839 1219 918 coniectura,
1253 855 1335 920 quae
1361 833 1422 901 hee

282 967 361 1014 veee
383 947 494 1012 nititur
516 945 702 1012 Marklandi
724 939 837 1027 αάτός,
863 951 896 1012 εί
917 964 988 1009 eam
1011 941 1162 1009 Reiskius
1185 939 1318 1026 recepit,
1346 958 1422 1004 sen-

282 1050 402 1117 tentiae
425 1049 593 1132 flagitatae
616 1049 695 1114 satis
716 1047 807 1114 feeit.
854 1046 948 1114 Certe
978 1046 1113 1112 moleste
1141 1043 1313 1110 adderetur
1335 1061 1418 1120 eum,

283 1153 339 1236 qui
360 1153 460 1219 verba
481 1152 589 1235 saciat,
623 1151 730 1236 ipsum
751 1149 893 1236 incipere
916 1169 937 1214 a
958 1169 1019 1214 sua
1039 1147 1148 1214 laude.

370 1337 402 1400 p.
421 1318 528 1380 49οιιε
551 1315 624 1398 lego
646 1313 722 1379 τοτὲ
742 1312 778 1378 δέ
794 1308 876 1378 ἀλλο
892 1335 926 1377 τι
940 1307 1227 1389 κατασκευάζεται
1241 1314 1307 1372 τῶν
1322 1308 1424 1372 δυνα-

284 1423 397 1500 μένιον
419 1412 552 1484 αὑτὸν
578 1415 693 1500 [αυτὸν
715 1417 742 1481 F
765 1411 869 1482 αάτὸν
891 1416 969 1498 MR]
996 1414 1060 1497 μέν
1081 1408 1271 1501 ὠφελῆσαι,
1305 1409 1365 1477 τδν
1386 1409 1423 1475 δέ

285 1515 456 1586 ἀντίδικον
479 1518 674 1586 ἐλαττῶσαι.
714 1519 804 1584 Idem
819 1517 930 1584 vitium
946 1517 1041 1584 tollas
1063 1539 1095 1602 p.
1116 1519 1194 1582 6362
1216 1514 1278 1602 την
1292 1512 1424 1600 βλάβην

284 1621 345 1710 την
374 1627 558 1710 γενομένην
588 1616 699 1707 αὑτῷ
728 1619 785 1687 διὰ
806 1622 984 1707 Προξένου
1012 1618 1208 1708 δεδήλωκεν,
1241 1618 1424 1684 Dinarchus
1453 1607 1459 1616 ⁸

285 1726 370 1793 enim
393 1727 433 1792 de
456 1726 574 1791 damno
599 1726 662 1811 ipsi
683 1725 775 1791 illato
798 1725 955 1808 loquitur,
988 1731 1021 1789 et
1041 1747 1073 1810 p.
1094 1726 1214 1789 897mss
1238 1720 1360 1788 ἐκεῖνον
1384 1769 1420 1783 ..

287 1825 401 1905 πάσας
431 1827 491 1905 τὰς
522 1824 660 1914 ἀρετὰς,
698 1822 827 1894 ὁπόσαι
856 1832 1008 1914 γίνονται
1037 1828 1116 1912 περὶ
1142 1823 1280 1913 μορφὰς
1302 1819 1425 1909 εὐπρε-

285 1943 384 2013 πεῖς,
425 1943 499 2007 ταῖς
532 1930 888 2013 καταδεδουλωμέναις
926 1923 1083 2007 αὖτοὺς
1116 1940 1298 2015 προσεῖναι
1328 1930 1426 2010 νομί-

287 2033 393 2114 ζουσι.

371 2175 405 2238 p.
424 2157 516 2219 rems
545 2155 639 2238 lego:
671 2151 833 2239 κράτιστα
860 2151 924 2238 γὰρ
948 2147 1030 2241 (διν)
1055 2147 1274 2232 ἀποδείξαιτο
1301 2149 1427 2238 ταύτην

285 2255 346 2344 την
369 2255 463 2322 ίδέαν
486 2249 503 2321 δ
527 2255 674 2340 μάλιστα
696 2263 818 2323 τοῦτον
839 2255 900 2324 τὸν
923 2251 1030 2343 ἀνδρα
1051 2251 1295 2342 μιμησάμενος.
1338 2255 1428 2320 Ean-

286 2359 359 2426 dem
382 2360 539 2427 medelam
561 2360 717 2427 adhibeas
739 2384 773 2447 p.
792 2364 869 2427 925⁶
896 2360 926 2427 εί
948 2361 1012 2444 μὲν
1033 2357 1097 2446 γὰρ
1121 2358 1191 2446 ἰδίη
1213 2359 1303 2436 τινὲς
1325 2355 1427 2440 ἀβλά-

286 2485 412 2528 πτοντο
429 2469 496 2529 τῶν
511 2464 669 2544 πολιτῶν,
696 2457 827 2546 εὐτύχει
847 2463 883 2529 δέ
899 2461 936 2530 τδ
954 2459 1080 2546 κοινὸν,
1106 2462 1215 2538 καλῶς
1231 2455 1313 2548 (ἀν)
1328 2453 1424 2525 ταῦτ’

287 2565 411 2651 ἐ’λεγεν.
456 2586 491 2651 p.
512 2570 622 2632 109911
647 2563 737 2632 πολὺ
751 2565 815 2652 γὰρ
831 2562 914 2656 (ἀν)
931 2561 949 2655 ἡ
966 2564 1124 2646 σύνταξις
1139 2561 1177 2631 τὸ
1191 2571 1297 2652 μῆκος
1313 2559 1424 2646 λάβοι.

286 2690 320 2753 p.
340 2673 446 2734 6455ss
468 2670 515 2734 ita
538 2669 737 2754 scripserim:
771 2667 803 2734 οί
833 2669 870 2735 δὲ
895 2669 1106 2756 Θουκυδίδην
1129 2668 1252 2756 ζηλοῦν
1273 2669 1428 2753 λέγοντες

291 2820 297 2835 .
320 2822 354 2835 ..
382 2769 474 2838 πάνυ
496 2767 639 2858 εὐχερῶς
663 2767 710 2838 ἀν
733 2766 1012 2859 εὑρίσκοιντο
1040 2766 1302 2858 [ἀνευρίσκοιντο
1325 2773 1363 2856 R]
1391 2768 1427 2836 έκ

287 2871 409 2940 τούτου
430 2881 491 2940 τοῦ
513 2877 806 2960 παραγγέλματος.

373 3057 407 3122 p.
426 3041 548 3104 essese
563 3032 635 3104 Ἵνα
660 3037 696 3104 δὲ
711 3040 846 3121 βέλτιον
861 3045 908 3124 τῷ
921 3040 1119 3124 βουλομένῳ
1134 3043 1271 3126 γένηται
1284 3043 1423 3122 μαθεῖν,

288 3139 355 3206 εἴτε
379 3134 491 3227 ὀρθῶς
515 3133 609 3227 ἡμεῖς
631 3147 737 3207 ταῦτα
759 3142 816 3206 καί
839 3139 1079 3229 προσηκόντως
1102 3145 1333 3224 πεπείσμεθα,
1360 3139 1428 3206 εἴτε

289 3244 346 3309 καὶ
368 3241 642 3330 διημαρτήκαμεν
663 3242 724 3331 την
746 3248 866 3330 κρίσιν,
900 3243 961 3332 τὴν
984 3243 1137 3324 ἐξέτασιν
1166 3237 1236 3308 ἀπὸ
1267 3249 1332 3308 τῶν
1359 3237 1425 3309 ὑπ’

289 3346 419 3414 ἐκείνου
441 3351 642 3434 γραφέντων
671 3354 802 3413 ποιοῦ
809 3351 914 3432 pari)
944 3343 1249 3434 προχειρισάμενός
1271 3369 1346 3412 τινα
1368 3345 1429 3412 λό-

288 3473 364 3536 γον·
398 3444 522 3537 οὐγὰρ
555 3449 695 3536 ἐγχωρεῖ
723 3451 865 3528 πολλοῖς
893 3455 1046 3538 χρῆσθαι
1067 3449 1352 3536 παραδείγμασιν.
1384 3448 1430 3530 έξ

289 3554 462 3622 ἐκείνου
492 3551 566 3641 τήν
587 3577 623 3619 τε
647 3559 850 3640 προαίρεσιν
872 3556 929 3619 καί
951 3552 1012 3642 την
1041 3551 1185 3636 δύναμιν
1214 3559 1275 3618 τοῦ
1303 3547 1428 3638 ἀνδρὸς

289 3657 534 3741 ἐπιδείξομενέ)
563 3651 718 3744 ἀποχρῆν
740 3655 944 3740 οἰόμενος
963 3669 1091 3742 ψυχαῖς
1113 3649 1347 3732 εὐπαιδεύτοις
1369 3656 1429 3720 καὶ

287 3766 441 3847 μετρίαις
462 3757 566 3848 μικρά
588 3783 623 3824 τε
646 3758 802 3846 μεγάλων
824 3761 879 3825 καί
896 3755 994 3845 ὀλίγα
1009 3761 1146 3826 πολλῶν
1160 3763 1323 3844 γενέσθαι
1338 3758 1429 3844 δείγ-

289 3889 379 3948 ματα
402 3865 486 3930 FM:
520 3861 708 3950 ποιήσομαι
734 3915 739 3928 .
769 3915 775 3928 .
804 3914 810 3926 .
839 3861 875 3942 έξ
904 3862 1034 3930 ἐκείνου
1064 3861 1100 3928 δέ
1122 3860 1184 3950 τήν
1209 3912 1215 3925 .
1245 3912 1251 3927 .
1281 3911 1287 3924 .
1313 3859 1428 3944 οἰόμε-

290 4040 496 4051 -..----

360 4158 377 4220 ¹)
399 4151 414 4206 ὅ
433 4156 497 4211 edd.
514 4155 649 4211 Reiskius
673 4159 684 4223 ΙΙ
712 4157 731 4222 ²)
753 4159 838 4210 αυτοῦ
852 4155 895 4218 ΡΙ,
922 4141 1062 4224 αδτόίίλΗ
1084 4159 1095 4222 ΙΙ
1124 4155 1142 4219 ³}
1166 4156 1428 4227 ποιοῦμεμμαιΡῐΙΙ

288 4243 307 4306 ⁴>
329 4239 514 4313 ἒπεδείξομεν,
535 4259 570 4295 επ
589 4258 605 4298 e
623 4249 783 4298 correctura
802 4243 848 4296 δέ.
