3268 4920
339 405 381 465 aar
774 439 818 449 -
864 405 949 484 qroaj
1009 437 1041 448 -

426 591 577 674 Ropoadi
596 591 739 673 verbum,
766 591 821 656 nbi
838 609 878 656 ex
893 610 931 656 eo
947 591 1088 674 pendent
1101 590 1165 656 duo
1180 591 1318 667 obiecta,
1342 591 1478 657 alterurn

339 711 495 778 personae
516 695 652 760 alterum
669 694 725 773 rei,
752 693 956 776 coniungitur
970 713 1043 759 cum
1062 693 1183 778 duplici
1199 693 1383 760 accusativo
1397 701 1475 772 tum,

340 815 412 862 cnm
435 816 486 862 res
515 798 640 880 prolata
669 804 719 865 est
746 815 864 881 genere
894 804 1006 862 neutro
1036 796 1234 883 pronominis
1260 797 1399 864 alicuius
1428 799 1479 864 rel

340 897 509 964 adieetivi:
536 899 657 983 alioqui
679 900 791 984 optimi
814 898 987 983 scriptores
1010 906 1145 985 excepta
1166 920 1231 965 nna
1251 901 1411 966 locutione
1426 925 1479 964 ro-

338 1024 416 1086 pare
438 1002 575 1086 aliquem
596 1003 782 1068 sententiam
805 1003 914 1069 dicere
936 1004 1042 1070 solent
1064 1009 1255 1086 adtropare
1283 1004 1419 1087 aliquem
1441 1006 1479 1068 de

339 1105 447 1190 aliqua
469 1128 504 1170 re
526 1113 582 1172 aut
604 1107 761 1171 similimr.
809 1108 851 1172 At
873 1105 1062 1174 Cornificius
1085 1107 1131 1172 ait
1159 1128 1273 1191 repara
1295 1107 1420 1191 aliqum
1438 1111 1477 1171 ab

340 1207 446 1292 alapae
470 1209 524 1286 lv,
551 1215 603 1287 bb,
622 1211 681 1274 63:
706 1219 743 1274 at
756 1245 799 1257 -
814 1211 853 1274 ab
876 1210 1029 1274 auunculo
1051 1217 1181 1294 ropetur
1203 1209 1375 1293 Aethiopum
1401 1211 1477 1277 item

341 1309 423 1375 Sall.
448 1313 517 1395 Ing.
545 1317 636 1383 64.r
674 1313 713 1376 ab
737 1312 866 1378 Metello
889 1351 931 1360 -
953 1313 1129 1376 masasbaem
1159 1320 1261 1396 requi.
1308 1313 1353 1378 of
1385 1313 1478 1378 Auli-

341 1415 431 1480 barb.
457 1435 533 1499 pag.
555 1420 648 1482 1030.

428 1519 489 1582 Pro
501 1519 620 1604 facere
642 1519 779 1604 aliquam
801 1519 980 1582 benevolum
1007 1518 1100 1602 (quod
1123 1518 1316 1585 adjectivum
1340 1519 1478 1603 exempli

340 1621 446 1702 gratia
468 1622 561 1705 posui
599 1623 650 1686 vel
673 1623 803 1686 reddere
826 1621 964 1706 aliquem
986 1623 1178 1702 benevolum,
1205 1621 1321 1704 quibus
1343 1621 1477 1686 locutio-

342 1722 435 1788 nibus
457 1723 490 1788 in
513 1723 742 1808 posterioribus
764 1724 855 1790 libris
875 1726 973 1790 utitur
988 1725 1111 1808 Cicero,
1137 1726 1170 1790 in
1193 1724 1282 1790 libris
1303 1724 1345 1790 de
1367 1725 1479 1792 inven-

341 1825 428 1891 tione
451 1825 500 1892 bis
523 1824 606 1891 dixit
627 1827 776 1913 coryteere
797 1828 934 1913 aliquem
965 1829 1144 1892 benevolum
1174 1837 1233 1892 ete.
1258 1829 1284 1906 Ι,
1313 1834 1363 1908 15,
1384 1831 1425 1892 20
1452 1829 1481 1892 si

342 1951 412 1994 eum
442 1931 620 1994 saevorum
652 1939 806 1996 arealem
834 1932 964 1996 docilem
992 1932 1163 2018 confecerit
1196 1931 1397 2014 (Cornificius
1427 1933 1479 1996 ubi

341 2032 383 2099 de
405 2032 517 2100 eadem
540 2053 575 2100 re
597 2034 738 2118 loquitur
751 2036 776 2106 1,
797 2040 828 2108 4,
848 2038 876 2109 7,
903 2034 995 2102 dicit:
1016 2035 1211 2119 prinmpmm
1227 2045 1274 2100 est
1288 2057 1359 2100 eum
1372 2035 1478 2100 sartan

341 2136 480 2200 animum
502 2137 657 2202 mediteris
678 2137 769 2202 nobb
791 2137 936 2202 idoneam
957 2139 1117 2202 reddimus
1143 2140 1189 2202 ad
1215 2139 1422 2212 madimdam,
1448 2144 1479 2204 et

342 2241 439 2325 paulo
461 2238 561 2304 inira:
594 2240 643 2304 sia
665 2240 782 2304 summ
803 2263 901 2323 pereae
922 2241 982 2304 erit
1003 2263 1131 2317 causae,
1164 2241 1353 2322 (auditores)
1373 2241 1478 2324 facic-

341 2364 409 2406 mas
431 2350 575 2410 attentos?
603 2351 635 2410 et
656 2345 682 2413 l.
709 2349 762 2424 55,
784 2348 845 2408 loo
867 2345 1007 2408 aurinum
1029 2343 1183 2408 audium
1206 2343 1312 2408 mium
1334 2353 1365 2408 et
1387 2344 1478 2408 mise-

341 2445 494 2510 merdam
510 2446 658 2530 conficere
681 2455 814 2529 oportet.
854 2448 1000 2514 Poteram
1024 2447 1076 2512 vel
1099 2446 1254 2513 debebam
1278 2446 1364 2513 bunc
1386 2465 1477 2512 nsum

341 2549 490 2633 conficere
519 2549 607 2616 verbi
637 2569 734 2633 snpra
760 2571 794 2634 p.
816 2554 854 2613 lo
883 2569 953 2615 cum
982 2550 1022 2615 iis
1050 2550 1159 2616 verbis
1187 2550 1373 2635 compositis
1402 2569 1478 2617 con-

341 2651 483 2736 iungere,
511 2673 594 2735 quae
616 2673 675 2738 pro
698 2653 898 2736 simplicibus
921 2660 1127 2737 usurpantur.

427 2755 595 2839 Pergimas
618 2755 659 2820 ad
682 2755 885 2822 accusativos
914 2756 1037 2839 aliquot
1058 2775 1138 2839 quos
1162 2763 1277 2823 vocant
1299 2757 1474 2831 absolutos⁸

342 2861 396 2942 qni
421 2879 492 2926 cum
516 2860 619 2944 mama
641 2860 792 2926 cotidiani
817 2859 972 2926 sermonis
996 2878 1068 2926 csse
1091 2859 1286 2936 viderentur,
1311 2861 1345 2926 in
1361 2881 1478 2927 aureae

341 2962 457 3030 aetads
487 2963 676 3048 scriptorum
707 2981 798 3028 usum
827 2963 930 3028 rarius
961 2971 1036 3028 sunt
1065 2965 1183 3047 recepti
1218 2965 1268 3046 (cf.
1298 2963 1478 3048 Draegerl

341 3067 420 3150 §t
468 3067 508 3131 Hi
532 3067 616 3132 enim
638 3065 797 3133 eiusmodi
819 3066 1031 3132 accusativos.
1059 3086 1129 3133 cunr
1146 3087 1209 3132 non
1225 3066 1305 3132 satis
1321 3067 1479 3150 quadrare

340 3169 525 3235 viderentur
547 3170 589 3236 ad
605 3169 883 3253 grammaticorum
899 3175 1083 3253 praecepta,
1109 3169 1298 3253 plerumque
1316 3169 1478 3255 aspernati

341 3279 431 3338 sunt:
469 3279 656 3340 manserunt
689 3279 797 3339 tamen
834 3289 957 3356 paucae
991 3270 1166 3348 formulae,
1202 3274 1290 3339 velut
1320 3295 1474 3358 empnam,

341 3377 509 3442 maalmam
531 3383 674 3460 partem.
703 3375 832 3442 similia.
880 3373 981 3441 Nobis
1010 3374 1158 3459 inprimis
1183 3375 1344 3459 mendum
1368 3383 1418 3442 cst
1438 3375 1478 3441 de

340 3481 398 3544 boc
418 3503 527 3564 penas,
553 3480 589 3543 id
606 3501 716 3565 peasa,
742 3500 831 3543 omae
844 3499 957 3562 penas:
984 3478 1099 3560 quibos
1122 3465 1334 3544 locutionibus
1357 3479 1477 3563 primus

342 3584 467 3650 videtur
487 3601 564 3648 usus
587 3603 659 3650 esse
682 3583 764 3649 Cato
787 3603 812 3648 r.
839 3601 864 3644 r.
892 3582 961 3646 bt
989 3578 1116 3644 lorsam
1138 3601 1227 3645 omae
1247 3603 1359 3665 penas,
1391 3605 1478 3644 ecro-

342 3693 488 3750 aameato
511 3707 599 3748 omne
619 3707 729 3770 penas.
770 3683 865 3768 Apud
881 3683 1029 3749 Plautum
1054 3683 1139 3756 enim
1162 3691 1194 3748 et
1215 3689 1341 3751 ceteros
1357 3685 1478 3751 caune

340 3790 536 3872 antiquiores
559 3789 730 3874 scriptores
759 3805 915 3869 nusquam
946 3785 1031 3853 bunc
1060 3785 1213 3868 loquendi
1240 3806 1333 3852 usum
1362 3787 1477 3873 depre-

340 3889 448 3958 hendi.
475 3892 572 3957 immo
588 3891 722 3958 Plautus
744 3889 828 3955 dixit
844 3889 933 3954 'Prin
953 3892 982 3970 2.
1003 3892 1033 3972 a,
1056 3892 1094 3952 iil
1117 3891 1161 3954 ud
1181 3889 1238 3953 lroo
1258 3911 1357 3974 persus
1379 3890 1477 3954 homi-

341 4015 438 4058 num.
478 3997 509 4064 2.
529 4001 560 4074 d,
583 3999 642 4059 llo
659 4014 707 4078 sq.
738 4013 837 4078 penus
866 3992 1012 4076 qaod—
1041 3992 1226 4065 immicum.
1267 3997 1355 4065 4.3,
1375 3997 1416 4058 39
1445 3993 1479 4054 id

338 4119 436 4181 pertus
451 4097 640 4162 bominum.
675 4098 773 4163 Poen.
788 4100 818 4176 4,
831 4097 862 4174 2,
875 4097 894 4156 9
911 4095 1041 4179 quodvis
1054 4117 1153 4179 pertus
1166 4131 1202 4144 —
1222 4095 1399 4160 bominum
1414 4103 1474 4162 eto.

340 4200 416 4266 Post
430 4200 583 4268 Catonem
606 4201 643 4265 ol
659 4222 757 4286 penus
780 4205 840 4265 etc.
866 4197 1013 4264 absolute
1036 4206 1210 4283 posuerunt
1229 4199 1401 4283 scriptores
1423 4197 1474 4265 bi:

341 4301 440 4367 loncil.
468 4303 531 4378 XI,
559 4311 577 4365 o
608 4323 684 4390 pag.
711 4301 807 4368 soll
836 4299 872 4362 la
896 4302 985 4384 patre·
1017 4302 1126 4364 rudus.
1174 4301 1255 4384 XX,
1289 4306 1409 4386 3pag.
1437 4306 1475 4365 75
