3272 4920
514 441 559 452 -
606 407 690 488 [sor]
737 443 781 454 -

532 688 667 771 caput
693 689 766 758 m.

345 833 387 888 iic
405 831 543 903 Dionysii
562 833 726 902 exemplari
745 833 938 903 inucyoidia

181 972 365 1038 Posteriores
388 972 560 1056 scriptores
583 973 611 1038 si
626 972 753 1055 quando
768 979 910 1038 vetemm
933 974 1020 1040 iocos
1035 975 1219 1060 exscripse-

118 1079 176 1151 unt,
207 1074 289 1138 libris
312 1093 410 1159 saepe
432 1093 507 1139 usos
530 1093 601 1141 esse
624 1095 687 1141 non
711 1076 810 1141 multo
832 1075 1018 1142 melioribus
1040 1096 1136 1159 quam
1163 1079 1219 1160 qni

118 1176 138 1240 d
167 1183 295 1242 nostram
325 1197 426 1260 nsque
455 1185 593 1244 aetatem
626 1179 797 1263 propagati
830 1186 955 1262 essent,
992 1199 1217 1262 nonnunquam

119 1281 186 1344 tiam
215 1281 388 1364 peioribus,
423 1279 542 1346 dudum
572 1281 768 1347 intellectum
791 1290 852 1347 cst.
899 1283 963 1348 Sed
986 1303 1026 1348 ex
1056 1283 1137 1366 ipsis
1167 1282 1219 1348 his

117 1385 180 1464 icis,
208 1386 315 1466 quales
337 1385 424 1468 apud
447 1384 639 1469 posteriores
662 1393 799 1464 exstant,
836 1387 983 1468 quamvis
1005 1405 1126 1470 paucos
1148 1405 1218 1451 cer-

117 1507 142 1551 rs
172 1494 269 1552 tamen
300 1487 540 1553 emendationes
571 1490 747 1557 lucramur:
781 1510 855 1554 narn
878 1490 940 1554 etsi
969 1495 1033 1554 tam
1057 1496 1218 1554 auctorum

117 1612 183 1654 uam
206 1593 328 1656 testium
353 1591 425 1657 libri
449 1613 506 1676 per
527 1599 573 1658 ιοι
595 1593 806 1677 corruptionis
822 1592 941 1676 gradus
958 1594 1112 1677 plurimes
1128 1594 1219 1660 labes

116 1696 256 1773 uxorini,
290 1715 513 1780 nonnunquam
540 1703 648 1762 tomen
671 1696 794 1778 evenit,
828 1703 880 1776 nt,
915 1697 1054 1780 quaein
1078 1703 1218 1762 veterum
1314 1767 1316 1772 ,

116 1799 247 1864 >ilicibus
263 1820 430 1885 perperam
447 1801 606 1883 legantur,
633 1801 667 1865 in
689 1801 900 1885 posteriorum
922 1809 980 1866 aui
1002 1801 1128 1884 integra
1150 1821 1220 1866 ser-

116 1909 200 1966 cutm
214 1908 267 1968 aut
281 1903 327 1967 ito
342 1909 538 1988 comparata,
566 1909 600 1968 ιιι
615 1903 727 1968 vitium
751 1904 840 1970 laoili
864 1904 991 1987 negotio
1013 1904 1081 1969 tolli
1105 1905 1217 1988 possit.

115 2005 177 2074 uod
207 2025 267 2088 quo
297 2005 428 2090 saepius
457 2006 508 2087 fit,
543 2027 581 2072 eo
604 2001 754 2073 maiorem
785 2006 879 2072 fidem
910 2008 1076 2090 exemplar
1097 2006 1220 2088 antiqui

115 2108 233 2188 ueteris,
259 2129 321 2191 qno
344 2107 503 2175 inferioris
526 2109 598 2174 aevi
625 2109 759 2194 scriptor
781 2129 859 2174 usus
881 2117 947 2182 est,
980 2108 1041 2173 sibi
1065 2109 1216 2189 vindicat,

115 2233 117 2268 τ
144 2232 184 2275 ex
212 2211 340 2278 diverso
370 2212 487 2278 veteris
521 2212 684 2297 scriptoris
715 2211 814 2278 codex
848 2212 877 2276 is
907 2232 1042 2295 quocum
1081 2210 1218 2275 manime

115 2313 165 2378 lud
195 2315 357 2400 congruit,
390 2316 627 2382 erecensionis
654 2322 814 2382 vetustate
845 2337 960 2382 novum
991 2335 1218 2396 nonuunquam

114 2420 303 2485 uctoritatem
327 2420 451 2503 recipit.

169 2522 206 2586 lu
241 2523 300 2588 tali
331 2524 518 2607 quaestione
552 2523 701 2606 qnoniam
736 2523 945 2606 posteriorum
987 2529 1149 2587 auctorum
1188 2521 1218 2586 ei

114 2625 213 2689 eximi
239 2626 390 2691 momenti
414 2635 498 2709 sunt,
525 2628 578 2710 qui
602 2647 696 2708 quarn
721 2627 864 2711 proxime
879 2647 899 2691 a
914 2625 1075 2691 veteribus
1089 2625 1215 2705 obsunt,

114 2779 119 2790 .
148 2729 314 2812 Sarrppius
337 2749 395 2794 suo
417 2731 486 2795 iure
509 2731 697 2815 Dionysium
721 2729 837 2814 clegit,
870 2735 906 2794 ιιι
932 2730 1035 2814 primo
1057 2728 1121 2793 iam
1143 2735 1220 2793 ante

117 2832 244 2896 rrisium
268 2839 377 2897 natum
401 2835 529 2900 saeculo
553 2833 733 2900 Aristotelis
756 2834 854 2899 libros
877 2853 979 2916 aeque
1007 2838 1103 2915 atque
1124 2831 1220 2897 hodie

114 2943 280 3018 pravatos
302 2935 403 3002 luisse
425 2929 660 3002 demonstraret
669 2939 704 3021 ¹).

166 3040 237 3104 iioo
260 3057 322 3120 ego
344 3039 403 3105 viri
426 3039 603 3106 doctissimi
634 3042 817 3124 exemplum
844 3045 988 3121 secutus,
1022 3059 1093 3105 cum
1117 3039 1220 3104 Hero-

114 3148 171 3206 tus
197 3141 409 3226 Thucydides
435 3144 593 3209 Isocrates
615 3143 706 3208 Plato
729 3142 962 3209 Demosthenes
992 3144 1105 3224 quales
1133 3141 1219 3225 apud

117 3245 276 3328 cinysium
294 3246 453 3328 leguntur,
477 3248 613 3312 similem
630 3247 797 3312 materiam
814 3245 1000 3329 disputandi
1017 3245 1216 3329 praeberent,

132 3348 291 3432 Dionysii
306 3350 481 3434 exemplari
495 3349 697 3434 Thucydidio
713 3369 865 3434 quaerere
880 3349 1012 3431 institui,
1039 3368 1109 3412 cum
1125 3367 1222 3431 prae-

114 3451 187 3514 riim
205 3451 250 3516 de
266 3451 466 3536 Thucydidis
489 3452 579 3519 libris
595 3453 741 3536 quaestio
763 3451 918 3518 adfinem
942 3471 1042 3536 usque
1065 3447 1221 3536 perducta

114 3575 133 3617 n
156 3561 263 3620 esset.
313 3555 373 3620 Hic
395 3576 458 3621 nou
474 3575 594 3635 vereor,
621 3556 756 3638 nequis
779 3562 899 3621 temere
922 3575 973 3621 me
988 3554 1093 3620 lacere
1117 3561 1217 3638 putet,

114 3658 157 3722 od
184 3658 262 3724 solo
285 3659 353 3724 sere
376 3659 586 3724 Ambrosiano
609 3659 764 3724 nisus-
792 3679 830 3724 co
858 3657 943 3723 enim
966 3657 1095 3741 plurimi
1118 3656 1178 3721 loci
1202 3676 1220 3720 e

121 3761 274 3845 urydide
290 3761 412 3827 laudati
427 3761 684 3827 continentur-
701 3762 783 3826 hane
798 3760 1015 3843 quaestionem
1033 3759 1217 3842 suscipiam.

114 3864 319 3929 cirrosianus
334 3863 418 3928 enim
433 3863 578 3929 familiae
594 3883 673 3930 snae
688 3865 826 3948 optimus
842 3869 891 3928 est
906 3862 997 3928 testis
1018 3868 1050 3928 et
1064 3861 1222 3944 antiquis-

114 3987 192 4044 rus;
223 3987 322 4049 quern
345 3967 373 4032 si
393 3967 495 4031 solum
514 3965 715 4046 adhibemus,
742 3973 774 4031 et
788 3965 963 4049 simplicior
978 3965 1014 4030 fit
1028 3963 1096 4030 veri
1112 3963 1223 4046 cogni-

134 4091 215 4148 nee‚
248 4069 278 4134 si
302 4067 429 4152 quando
450 4075 560 4133 contra
582 4089 653 4134 cum
677 4068 774 4134 ceteri
796 4068 868 4133 libri
884 4089 994 4133 verum
1010 4066 1218 4147 servaverint,

139 4243 157 4306 ἰ
183 4241 397 4306 „Nachrichien
416 4241 466 4295 der
484 4240 688 4309 Koenigiiehen
707 4237 894 4295 Guscllschalt
913 4239 962 4293 der
974 4239 1060 4293 Wiss.
1082 4254 1116 4291 nu
1135 4237 1223 4292 Goel-

114 4335 180 4390 :cn“
205 4330 280 4380 1863
299 4345 326 4396 p.
343 4330 415 4390 ilss;
437 4325 473 4382 cl'.
493 4345 520 4398 p.
536 4329 578 4380 in.
