3304 4928
438 803 548 869 Restat
575 810 610 867 ut
638 805 677 868 de
709 804 847 887 propriis
880 803 996 867 Suidae
1024 803 1128 879 uitiis,
1160 823 1241 887 quac
1268 801 1339 885 plus
1366 793 1492 865 ceritum

349 917 382 976 et
408 911 522 995 uiginti
550 911 583 975 in
608 911 759 995 Equitum
786 909 894 974 fabula
917 916 1097 991 occurrunt,
1126 909 1306 974 disseratur.
1353 908 1493 986 Quarum

350 1018 513 1083 tria'sunt
539 1017 745 1083 discernenda
772 1037 902 1100 genera:
930 1019 1067 1101 primurn
1095 1039 1202 1082 earum
1227 1016 1437 1080 mutationum
1461 1020 1495 1077 ct

349 1125 565 1199 omissionum,
593 1146 670 1209 quas
694 1123 807 1189 Suidas
835 1125 901 1208 ipse
929 1125 962 1188 in
991 1125 1184 1207 excerpendo
1211 1145 1267 1188 sno
1291 1123 1397 1189 codice
1421 1121 1494 1185 Ari-

349 1230 523 1316 stophaneo
547 1239 659 1316 sponte
682 1253 719 1297 ae
742 1231 872 1297 consilio
896 1232 1065 1297 admittere
1085 1251 1148 1296 non
1167 1229 1335 1307 dubitauit,
1357 1229 1493 1294 alterum

349 1359 457 1402 eorum
486 1360 566 1423 quae
589 1338 703 1405 Snidas
726 1338 925 1423 neglegentia
948 1345 1003 1403 aut
1026 1339 1186 1404 oculorum
1213 1358 1318 1402 errore
1341 1336 1494 1420 pecmuit,

349 1432 478 1510 tertium
505 1468 612 1511 aarum
640 1445 902 1529 corruptelarum,
934 1467 1015 1529 quae
1043 1446 1182 1511 incuriae
1209 1443 1410 1509 librariorum
1437 1443 1493 1506 de-

349 1551 473 1631 bentur,
496 1551 551 1637 qui
576 1552 698 1618 codices
721 1552 814 1618 lexici
838 1551 970 1618 Suidani
992 1559 1116 1618 nostros
1140 1559 1357 1617 exercuerunt.

437 1659 484 1724 Ae
505 1660 641 1743 primum
660 1659 787 1744 quidem
805 1681 875 1724 cum
895 1662 970 1737 cius,
989 1661 1042 1743 qui
1062 1659 1157 1725 huius
1175 1660 1266 1725 lexiei
1287 1659 1493 1723 fundamenta

349 1766 437 1842 iceit,
470 1767 501 1831 id
528 1767 663 1831 maxime
691 1769 869 1842 interesset,
900 1773 937 1830 ut
964 1788 1057 1832 uoces
1085 1767 1379 1849 enuntiationesque
1407 1764 1492 1848 apud

349 1871 496 1955 aequales
519 1893 591 1938 suos
614 1873 783 1939 inusitatas
807 1875 1020 1958 exemplorum
1049 1874 1139 1958 copia
1161 1896 1199 1938 ex
1223 1875 1319 1939 uariis
1343 1872 1493 1936 maxime·

285 2005 290 2017 ·
349 1999 410 2062 que
432 1978 547 2044 Atticis
571 1980 778 2064 scriptoribus
802 1981 969 2065 desumpta
991 1980 1174 2058 illustraret,
1197 1981 1238 2046 ad
1262 1979 1335 2045 talis
1358 1979 1493 2061 scripto-

291 2151 295 2162 ,
348 2086 393 2151 ris
420 2087 470 2150 uel
498 2087 712 2170 compilatoris
739 2089 996 2153 cousuetudinem
1024 2087 1223 2170 indolemque
1252 2086 1389 2171 perbene
1415 2107 1493 2168 qua-

349 2193 422 2258 drat
448 2194 533 2276 qnod
560 2215 619 2258 neo
645 2196 800 2260 rationem
827 2195 939 2259 habuit
967 2195 1072 2277 legum
1099 2195 1302 2260 metricorum
1324 2216 1403 2278 quas
1426 2195 1493 2277 ipse

348 2299 402 2363 uix
425 2306 557 2366 nouerat
579 2323 637 2366 nec
660 2303 800 2367 seruauit
823 2301 1043 2385 ordinemque
1071 2300 1157 2385 apud
1180 2301 1372 2385 scriptorem,
1400 2321 1493 2383 quem

349 2406 510 2490 expilauit,
532 2408 632 2473 uerba
655 2407 815 2487 extabant,
839 2429 896 2473 nce
919 2409 1059 2491 pepercit
1081 2409 1158 2492 ipsis
1178 2409 1284 2473 uerbis
1302 2408 1358 2474 sed
1376 2412 1494 2473 temere

349 2514 498 2592 mutauit,
532 2516 559 2580 si
592 2537 655 2598 qua
687 2515 855 2580 uerborum
887 2515 1073 2599 compositio
1100 2520 1237 2580 mentem
1264 2515 1361 2600 ipsius
1387 2519 1493 2579 trans-

348 2620 566 2703 grediebatur,
604 2623 696 2688 eiecit
732 2623 759 2688 si
796 2643 877 2706 quae
908 2622 1009 2687 uerba
1041 2624 1100 2707 ipsi
1133 2622 1259 2688 inutilia
1292 2622 1494 2699 uidebantur,

348 2749 470 2792 summa
492 2728 628 2812 denique
656 2734 688 2794 et
715 2728 844 2794 licentia
871 2735 902 2794 ot
930 2730 1186 2814 neglegentiam
1209 2731 1412 2815 excerpendis
1435 2731 1493 2794 eli-

349 2835 520 2920 gendisque
543 2841 656 2919 poetae
678 2835 784 2901 uerbis
807 2856 881 2902 usus
904 2844 960 2902 est.
1009 2835 1088 2902 Pars
1115 2837 1214 2920 igitur
1241 2837 1493 2920 corruptelarum

348 2943 381 3006 in
409 2939 525 3007 Suidae
551 2942 651 3009 lexico
679 2943 910 3008 occurrentium
937 2942 1053 3009 Suidae
1077 2945 1175 3028 ipsius
1199 2944 1345 3010 licentiae
1369 2943 1494 3009 crimini

347 3049 503 3114 uertenda
529 3054 584 3114 est.
630 3048 816 3116 Immutnsse
848 3056 953 3116 autem
985 3051 1114 3116 uidetur
1146 3049 1259 3118 Suidas
1287 3053 1355 3136 ipse
1382 3053 1493 3116 comici

347 3155 455 3231 uerba,
478 3177 548 3221 cum
571 3156 724 3222 scriberet
746 3156 779 3220 in
802 3180 848 3222 vv.
872 3157 936 3222 359
961 3158 1039 3222 360:

441 3263 484 3336 Τὰ
506 3271 567 3356 μὲν
591 3265 674 3336 ἄλλα
696 3264 729 3356 μ’
752 3266 867 3359 ἤρεσε
891 3281 961 3337 τῶν
983 3270 1200 3358 πραγμάτων,
1224 3274 1260 3339 ἓν
1281 3269 1311 3340 δ’
1330 3265 1371 3339 ec’
1389 3293 1493 3358 προσ-

932 3382 1017 3445 ίεταί
1039 3403 1089 3466 με,

437 3474 498 3550 ὅτι
520 3475 571 3562 ὡς
594 3480 699 3568 μόνος
721 3477 783 3552 τὸν
807 3478 919 3571 ζωμὸν
943 3483 1149 3574 oreophone,

348 3621 441 3682 quem
464 3601 568 3666 locum
590 3601 712 3668 codices
735 3602 957 3686 Aristophanis
981 3605 1026 3668 sie
1048 3605 1191 3669 tradunt:

440 3706 484 3778 Τὰ
506 3714 567 3800 μὲν
591 3709 674 3780 ἄλλα
696 3707 729 3802 μ’
747 3709 889 3803 ἤρεσας
911 3717 1051 3802 λέγων,
1075 3717 1112 3784 ἓν
1136 3712 1166 3785 δ’
1186 3713 1227 3784 οὐ
1244 3721 1419 3806 προσίεταί
1441 3746 1495 3805 με,

436 3828 507 3886 τῶν
530 3818 745 3907 πραγμάτων,
769 3816 843 3910 ὁτιὴ
865 3820 970 3910 μόνος
993 3821 1055 3891 τὸν
1079 3817 1192 3912 ζωμὸν
1216 3822 1456 3914 ἐκροφήσειςῙ).

437 3937 475 4002 In
497 3959 524 4001 v.
548 3937 611 4002 397
637 3936 658 4004 S
681 3939 834 4022 neglectis
856 3943 995 4006 numeris
1017 3963 1128 4008 uersus
1150 3943 1257 4008 cretici
1282 3945 1420 4028 scripsit:

645 4044 679 4118 ‘0
702 4053 738 4119 δὲ
761 4046 846 4139 πρὸς
868 4063 939 4121 πᾶν
963 4048 1182 4138 ἀναιδεύεται,

349 4181 429 4243 qnae
452 4166 537 4226 recte
560 4162 593 4225 in
616 4159 776 4227 codicibus
800 4161 1020 4248 Aristophanis
1044 4166 1089 4230 sic
1111 4166 1270 4248 leguntur:

646 4269 698 4355 Ὡς
722 4276 757 4342 δὲ
780 4270 865 4361 πρὸξ)
888 4285 958 4345 πᾶν
982 4272 1192 4346 ἀναιδεύεται

420 4473 439 4540 ¹)
458 4487 526 4527 corr.
547 4471 695 4526 Elmsleius
715 4468 879 4542 ἐκροφήσει.
