3280 4934
623 409 665 419 -
710 369 807 454 [raa]
857 409 899 418 -
1283 369 1324 433 rr

187 572 262 632 ante
281 587 389 632 omnes
411 587 462 631 res
480 566 641 643 vidissent,
663 567 742 632 adeo
768 589 827 632 nou
851 566 988 633 tenuisse
1010 566 1162 631 memoria
1183 586 1233 630 res
1256 563 1326 630 illas

187 673 356 740 verisimile
383 679 443 751 est,
469 680 507 738 ut
533 672 660 758 Lysiam
685 679 870 757 paterentur
897 694 948 740 res
975 673 1155 738 notissimas
1182 693 1327 756 perverse

187 802 318 846 narrare
332 785 364 845 et
378 780 520 846 consulto
533 779 741 865 perturbare?
770 781 875 846 Sensit
887 781 948 846 hoc
962 779 1222 846 Stodefeldtus
1239 779 1326 844 ideo·

189 909 249 972 que
271 886 416 971 probatis
435 890 595 972 ceteroqui
614 887 718 954 Grotii
740 876 934 970 argumentis
952 887 1077 971 Lysiam
1095 890 1204 968 aperte
1221 906 1328 952 rerum

133 1018 135 1026 ’
188 995 330 1060 ordinem
347 999 526 1078 pervertere
544 999 639 1078 negat
656 1016 758 1078 neque
776 1003 882 1060 tamen
901 995 1023 1060 sincero
1041 991 1145 1057 animo
1160 1011 1237 1057 vera
1254 1015 1327 1076 pro·

187 1101 270 1167 ferre
284 1103 428 1168 concedit
442 1104 496 1168 sed
516 1103 563 1167 ita
580 1102 686 1187 potius
700 1103 865 1185 disponere
880 1103 994 1178 omnia,
1008 1121 1088 1185 quae
1106 1100 1180 1164 inde
1198 1093 1220 1164 'a
1238 1101 1327 1165 clade

188 1209 403 1293 Hellespontia
425 1225 524 1294 usque
547 1209 588 1275 ad
614 1210 746 1294 triginta
769 1209 908 1273 virorum
931 1209 1124 1273 dominatum
1153 1206 1237 1274 facta
1259 1228 1327 1272 esse

188 1321 308 1394 narret,
339 1324 376 1381 ut
407 1337 487 1401 quae
514 1323 601 1393 ante,
632 1337 713 1400 quae
743 1321 815 1399 post
842 1321 951 1400 captas
978 1314 1120 1380 Athenas
1146 1314 1327 1392 acciderint,

187 1445 340 1506 nusquam
359 1429 479 1490 certum
501 1423 543 1490 sit
561 1429 593 1489 et
615 1423 789 1490 indubium.
805 1423 809 1430 '
826 1424 914 1502 „Qua
931 1443 975 1500 re,
1000 1423 1091 1488 addit
1114 1421 1327 1487 Stedefeldtus

186 1551 215 1612 p.
238 1529 287 1607 15,
306 1552 387 1614 quae
405 1532 540 1597 voluerit
559 1529 692 1608 efficere,
712 1531 804 1597 facile
824 1530 1026 1615 intellegitur.
1062 1529 1133 1595 Non
1151 1529 1252 1594 solum
1270 1529 1327 1592 tri·
1431 1621 1434 1628 Δ

186 1638 276 1720 ginta
294 1638 433 1703 virorum
446 1638 624 1704 dominatus
638 1643 670 1702 et
685 1657 792 1702 eorum
806 1659 886 1721 quae
900 1637 974 1702 inde
989 1637 1141 1720 originem
1155 1641 1328 1712 traxerunt,

187 1742 341 1808 malorum
368 1745 492 1828 eulpam
524 1746 556 1809 in
583 1744 808 1810 Theramenem
836 1751 869 1810 et
896 1745 1071 1828 Agoratum
1099 1743 1220 1810 studuit
1252 1763 1326 1808 con·

187 1850 278 1928 ferre,
305 1852 480 1917 sedetiam
507 1851 746 1936 ignominiosam
773 1852 860 1917 illam
887 1873 997 1936 pacem
1020 1839 1072 1916 die
1094 1855 1183 1916 sexto
1207 1849 1327 1916 decimo

187 1956 406 2041 Munychionis
442 1959 645 2042 compositam
686 1959 862 2025 insontibus
898 1961 943 2024 eis
983 1978 1046 2023 non
1082 1957 1149 2022 sine
1185 1956 1328 2022 veritatis

190 2065 292 2148 specie
315 2065 393 2131 vitio
416 2073 538 2132 vertere
561 2073 691 2132 conatus
715 2071 788 2132 est.“
799 2069 825 2153 ¹)

274 2171 321 2236 Ae
339 2171 468 2238 Grotius
491 2173 622 2238 insidias
645 2174 714 2238 illas
737 2181 810 2258 post
832 2194 942 2257 paoem
963 2176 1092 2256 paratas
1115 2191 1182 2236 esse
1205 2170 1328 2236 elucere

186 2281 279 2362 putat
306 2299 324 2342 e
347 2277 459 2362 Lysiae
487 2280 556 2364 ipsa
582 2281 771 2346 narratione.
822 2280 933 2364 Lysias
961 2281 1043 2344 enim
1070 2298 1140 2343 cum
1168 2276 1261 2354 XIII,
1284 2275 1327 2340 25

186 2384 368 2470 priusquam
386 2386 425 2450 de
448 2407 524 2470 pace
542 2393 672 2472 accepta
693 2386 849 2472 loquatur,
867 2387 999 2464 Niciam,
1017 2386 1227 2460 Nicomenem,
1249 2383 1328 2449 alios

186 2513 280 2558 naves
308 2493 388 2559 duas
416 2488 491 2578 (δύο
520 2494 637 2580 πλοῖα)
665 2500 793 2577 paratas
820 2493 968 2559 habuisse
995 2497 1116 2568 narret,
1147 2491 1261 2575 quibus
1292 2495 1328 2555 ut

187 2597 347 2683 effugeret,
365 2601 534 2665 donceres
553 2599 698 2683 publicae
717 2603 929 2685 pervenissent
947 2601 989 2665 ad
1007 2599 1152 2664 meliores
1170 2597 1328 2664 oondIoio-
1440 2643 1444 2652 -

186 2725 242 2770 nes
265 2703 344 2792 (ἕως
365 2697 407 2771 τὰ
429 2703 606 2792 πράγματα
629 2709 836 2795 κατασταίη),
859 2708 1000 2791 Agorato
1026 2705 1216 2790 persuadere
1238 2705 1327 2770 volu-

186 2813 297 2878 issent:
321 2813 446 2896 quaerit
470 2813 608 2890 Grotius,
630 2815 786 2897 quomodo
806 2815 980 2899 Agoratum
1003 2814 1208 2898 effugiturum
1232 2812 1328 2878 fuisse

188 2920 321 3003 cogitari
349 2922 491 3005 potuerit
513 2941 551 2986 eo
578 2926 733 3004 tempore,
761 2943 822 3006 quo
849 2943 927 3006 paee
949 2922 1089 2988 nondum
1112 2921 1196 2987 facta
1222 2940 1329 2986 omnes

186 3031 295 3110 portus
318 3027 455 3094 inclusos
478 3027 632 3093 haberent
650 3027 890 3094 Lacedaemonii
912 3049 1055 3112 quaeque
1077 3029 1234 3097 sententia
1256 3047 1326 3092 ver·
1431 3019 1436 3031 '

120 3127 126 3146 '
185 3133 236 3199 bis
259 3129 322 3211 ἕως
344 3125 386 3199 τὰ
409 3130 586 3220 πράγματα
608 3136 792 3221 κατασταίη
815 3135 957 3202 subiecta
979 3137 1029 3212 sit
1057 3136 1085 3201 si
1108 3140 1247 3219 tempore
1271 3133 1327 3200 de·

187 3239 338 3307 ditionem
364 3242 465 3327 ipsam
497 3241 698 3324 praecedenti
726 3242 811 3307 facta
837 3243 1060 3326 cogitarentur.
1070 3243 1097 3329 ²)
1147 3241 1265 3308 Verum
1291 3246 1328 3306 ut

186 3347 227 3412 ab
255 3347 403 3412 extremis
429 3348 555 3413 initium
582 3350 717 3432 capiam,
744 3349 840 3414 verba
867 3346 931 3427 ἕως
957 3340 999 3415 τὰ
1026 3345 1203 3434 πράγματα
1228 3369 1327 3414 κατα-

188 3455 283 3541 σταίη
311 3453 514 3520 offensionem
541 3475 603 3520 non
631 3455 757 3522 habent.
802 3457 942 3540 Agorato
971 3458 1054 3522 enim
1081 3455 1191 3540 Lysias
1219 3459 1329 3521 narrat

187 3560 269 3626 viros
292 3563 443 3645 quosdam
467 3567 503 3627 ut
525 3561 678 3648 effugeret
699 3563 889 3647 persuadere
911 3569 1040 3630 conatos
1062 3583 1142 3640 esse,
1165 3583 1236 3628 cum
1258 3582 1328 3628 eum

187 3689 341 3733 summurn
377 3668 410 3733 in
442 3669 615 3753 perieulum
650 3673 817 3737 venturum
849 3691 916 3737 esse
951 3676 1101 3755 putarent
1137 3669 1328 3755 insidiasque

187 3775 397 3841 clandestinas
424 3776 505 3842 strui
532 3777 683 3843 riderent
738 3777 933 3845 Persuadere
964 3777 1062 3863 igitur
1088 3777 1255 3843 voluerunt
1280 3777 1328 3842 illi

277 3989 295 4054 ¹)
316 3987 417 4044 Contra
434 3987 634 4046 Stedeteldtnm
653 3989 864 4060 disputaverunt
877 3987 1133 4058 RauchensteInius,
1154 3990 1199 4048 cui
1217 3990 1265 4046 ille
1284 4007 1327 4046 re·

186 4074 297 4144 spondit
315 4075 345 4129 In
365 4077 462 4132 Philol.
484 4078 585 4144 XXIX,
606 4085 635 4133 et
652 4080 804 4136 Rennerus.
1295 4065 1297 4070 ¹

276 4164 296 4232 ¹)
315 4166 381 4221 VIII
399 4185 425 4236 p.
445 4169 479 4223 26
498 4167 612 4222 Resides
634 4168 694 4223 toro
718 4169 802 4225 could
820 4168 962 4239 Aporetas
984 4169 1014 4224 be
1036 4171 1173 4240 eoaoeyed
1191 4170 1257 4226 eice
1275 4177 1328 4228 two

186 4254 282 4308 rasela
304 4261 354 4310 oet
376 4259 410 4323 of
429 4257 598 4326 Monychia,
627 4257 705 4313 when
727 4259 770 4314 tte
792 4259 915 4313 tertosa
938 4275 996 4314 roas
1019 4258 1116 4330 closely
1138 4259 1247 4314 blockcd
1269 4259 1328 4330 ap?

187 4341 246 4396 aad
264 4343 380 4399 utatis
403 4346 445 4401 the
463 4346 592 4416 meoniae
611 4347 646 4414 ol
664 4340 719 4411 ἕως
736 4342 772 4401 τὰ
791 4342 945 4419 πράγματα
968 4347 1134 4418 κατασταίη,
1157 4349 1282 4418 referred
1299 4356 1327 4408 to

187 4447 206 4486 a
224 4439 341 4487 αιααιααί
353 4434 415 4501 just
433 4434 523 4504 before
541 4434 584 4490 the
602 4434 772 4491 surrender?
