3274 4938
591 457 631 465 -
679 415 751 504 [u]
799 457 839 465 -
1248 415 1286 480 ιι
1363 454 1367 466 .

146 617 250 682 conati
273 635 388 681 sumus.
434 613 510 678 Post
536 611 594 677 hos
622 618 728 678 autom
751 633 858 678 rursus
886 631 1049 677 numerum
1071 631 1217 675 versuum
1239 631 1289 675 re-

145 723 317 806 petitomm
339 742 437 805 usque
460 720 503 786 ad
525 720 601 785 libri
619 719 722 803 primi,
745 719 799 803 qui
819 720 852 783 in
870 717 1030 784 codicibus
1048 717 1174 802 legitur,
1196 715 1289 783 finem

147 849 314 914 augescere
329 847 427 894 ‘nemo
450 849 514 892 noo
536 826 701 911 intellegit.
739 825 806 890 lam
823 847 898 892 vero
917 847 987 890 oum
1006 846 1114 890 versus
1134 822 1206 891 853.
1226 825 1290 890 854

150 940 333 1020 repetantur
355 941 569 1019 postremum
591 933 685 1010 1038,
706 937 779 1016 post
797 954 824 997 v.
844 933 909 998 854
932 939 1037 997 autern
1055 931 1143 996 nulla
1160 931 1224 997 alia
1240 932 1290 995 in-

149 1042 291 1108 veniatur
310 1042 466 1126 repetitio,
485 1042 569 1106 intra
582 1040 640 1105 hos
659 1041 744 1123 ipsos
762 1061 869 1104 versus
892 1039 971 1112 (854
987 1045 1019 1104 et
1037 1039 1136 1123 1038)
1160 1037 1291 1103 alterius

149 1148 284 1232 syllegae
307 1149 521 1234 quaerendum
545 1148 606 1213 crit
627 1147 760 1212 initium.

235 1255 336 1334 Quam
359 1256 575 1340 quaestionem
593 1253 668 1319 olim
687 1253 734 1318 ita
756 1253 876 1318 solvere
895 1274 980 1318 eram
999 1253 1139 1329 adortus,
1161 1259 1199 1318 ut
1215 1273 1289 1316 oon-

147 1361 293 1428 sideratis
324 1362 478 1427 librorum
510 1359 664 1445 ἐλεγείων
695 1356 730 1425 α’
759 1367 791 1426 et
817 1354 850 1440 β’
884 1360 1033 1437 exordiis,
1069 1358 1216 1443 quoniam
1250 1397 1290 1408 -

149 1469 232 1553 qnod
255 1469 341 1534 haud
365 1489 437 1534 raro
460 1469 493 1533 in
516 1467 806 1552 antiquissimorum
829 1467 1003 1532 carminum
1023 1466 1203 1550 primordiis
1222 1464 1289 1530 fieri

148 1583 270 1642 constat
299 1598 384 1640 —a
411 1576 463 1640 dei
491 1575 625 1640 alicuius
653 1575 848 1640 invocatione
877 1574 1064 1658 inciperent,
1092 1573 1165 1640 inde
1194 1593 1290 1636 rrovae

148 1703 168 1747 a
199 1680 290 1749 nobis
326 1683 516 1748 constitutae
553 1681 691 1766 syllogae
723 1682 848 1746 initium
881 1686 1060 1746 statuerem.
1116 1679 1178 1746 Sed
1210 1700 1290 1765 quae

148 1789 276 1854 nomina
306 1790 434 1874 propria
465 1789 550 1854 inter
580 1809 689 1855 versus
726 1788 790 1854 854
818 1795 851 1853 et
881 1787 965 1853 1038
1003 1793 1129 1853 exstant
1160 1791 1291 1869 excepto

149 1895 283 1961 fortasse
306 1896 465 1960 Acadcmo
489 1896 529 1980 (y.
549 1895 629 1983 993)
651 1894 739 1960 nulla
761 1897 794 1958 in
817 1895 899 1960 hanc
922 1895 1110 1960 sententiam
1134 1894 1290 1978 quadrare

148 2003 303 2068 videntur.
350 2001 433 2066 Illud
461 2008 568 2066 autom
590 2002 741 2067 Academi
768 2022 882 2066 nomen
910 2022 980 2065 cum
1006 2021 1045 2065 ne
1071 2001 1104 2066 in
1133 1999 1291 2066 codicibus
1325 2053 1327 2059 ,

149 2109 277 2191 quidem
304 2109 462 2192 integmm
489 2108 664 2174 exhibitum
688 2109 743 2184 sit,
770 2109 825 2173 scd
853 2107 992 2172 incertae
1016 2107 1214 2172 coniecturae
1237 2106 1291 2172 de-

149 2215 272 2293 beatur,
293 2215 397 2280 minus
420 2221 530 2298 aptum
553 2215 711 2291 videatur,
738 2215 823 2280 unde
845 2234 945 2279 novae
968 2213 1106 2296 syllegae
1129 2215 1290 2279 exordium

150 2322 289 2405 incipiat.
335 2322 452 2387 Versus
475 2323 557 2386 enim
581 2321 757 2387 aee-996
782 2342 851 2387 oum
874 2341 1014 2386 amorem
1031 2319 1182 2402 puerilem
1201 2340 1291 2402 prac-

150 2427 269 2504 dicent,
296 2433 397 2494 totam
424 2429 556 2520 alteram
584 2428 736 2513 syllogam
762 2429 795 2493 in
824 2429 934 2494 eodem
962 2431 1147 2510 argumento
1173 2427 1290 2490 versari

149 2533 236 2600 haud
259 2535 395 2600 absurde
419 2540 589 2619 exspectes,
612 2537 697 2618 quod
720 2542 826 2600 tamen
850 2533 978 2599 minime
1000 2532 1069 2597 fieri
1092 2533 1194 2616 primo
1217 2554 1291 2597 con-

150 2647 259 2726 spectu
277 2642 451 2726 intellegas.
493 2641 577 2725 Ergo
596 2642 642 2706 ita
661 2641 794 2707 fortasse
813 2643 930 2707 rectius
950 2639 1165 2716 indicabimus,
1182 2645 1219 2703 ut
1236 2645 1292 2704 aut

151 2748 228 2813 folia
245 2749 399 2832 quaedam
418 2769 526 2812 verum
544 2748 681 2832 syllegae
705 2748 791 2814 illius
814 2749 940 2813 initium
963 2748 1158 2812 continentia
1180 2769 1219 2812 ex
1241 2768 1292 2811 oo-

150 2857 220 2921 dice
252 2855 422 2940 archetypo
449 2854 579 2938 periisse
608 2875 782 2932 sumamuS,
813 2861 869 2920 ant
901 2853 1065 2918 librarium
1093 2875 1155 2918 non
1184 2859 1292 2931 totam,

151 2985 245 3048 qnam
268 2964 301 3027 in
324 2961 469 3028 manibus
491 2961 633 3039 haberet,
657 2962 871 3028 collectionem
894 2961 1123 3044 conscripsisse,
1145 2961 1201 3026 sed
1224 2981 1292 3025 ver-

151 3091 204 3136 sus
227 3071 281 3155 qui
304 3071 407 3134 minus
432 3071 499 3152 apti
523 3071 553 3134 ei
574 3069 757 3134 riderentur
780 3069 930 3134 omisisse.

239 3177 290 3242 Ita
312 3198 384 3242 oum
407 3197 506 3242 novae
528 3175 666 3260 syllegae
685 3175 872 3259 principium
893 3174 1146 3239 constituerimus
1164 3195 1183 3238 a
1201 3195 1291 3238 versu

151 3282 217 3348 fere
239 3283 403 3348 millesimo
427 3283 579 3367 incipere,
602 3285 657 3368 a¹)
691 3282 774 3367 Meyi
797 3281 955 3347 sententia
976 3281 1171 3365 aliquantum
1194 3281 1292 3346 dista

153 3409 228 3452 mus.
275 3389 306 3453 Is
334 3391 415 3454 enim
440 3391 523 3454 cirea
545 3410 667 3454 versum
693 3388 757 3454 756
780 3391 901 3473 primae
924 3388 1126 3472 pristinarum
1151 3388 1293 3452 chresto·

152 3494 343 3559 mathiarum
366 3493 475 3572 finem,
498 3493 581 3560 circa
608 3517 633 3558 v.
659 3495 722 3562 769
752 3497 909 3561 secundae
931 3495 1056 3560 initium
1080 3492 1214 3559 indicari
1241 3515 1292 3558 sn-

152 3600 301 3684 spicatur,
324 3602 409 3681 quod
433 3601 547 3684 quibus
570 3603 609 3666 de
633 3604 734 3668 causis
757 3603 868 3668 fecerit
890 3623 953 3668 non
976 3603 1073 3666 addit.

614 3927 620 3938 ·
690 3897 759 3980 IV.

243 4100 355 4189 Itaque
372 4108 544 4187 postquam
566 4105 745 4182 terminum,
768 4129 788 4171 a
810 4124 872 4191 quo
894 4101 1029 4170 alteram
1046 4101 1294 4186 fragmentorum

152 4209 426 4292 Theognideorum
449 4209 601 4296 syllogam
625 4212 763 4294 incipere
782 4213 1038 4286 existimaremus,
1062 4231 1171 4276 eruere
1189 4208 1295 4292 aliquo

153 4371 364 4381 ῳ...-

246 4478 263 4536 ἰ
283 4475 330 4528 cfr.
353 4493 375 4529 v.
395 4477 421 4530 d.
442 4477 551 4546 Meyum
571 4495 596 4546 p.
617 4479 660 4534 47.
