3274 4938
600 480 639 490 -
686 441 760 525 [es]
809 479 849 488 -
1256 437 1297 504 15

153 639 234 704 tales
261 659 369 704 versus
400 638 525 720 saepius
553 644 723 704 occurrunt
750 637 865 702 mirum
891 657 954 701 non
982 641 1039 700 eet.
1095 635 1138 700 At
1165 635 1297 702 tortasse

155 744 220 810 alia
246 744 286 808 dc
313 763 407 808 carrea
437 744 522 809 idem
554 749 751 827 pentameter
782 750 848 810 tam
880 741 967 808 brevi
998 742 1102 825 spatio
1133 739 1297 808 interiecto

154 852 269 916 iterum
296 850 417 935 positus
444 856 501 915 est
546 850 577 915 Is
604 850 688 916 enim
715 851 769 934 qni
797 849 974 934 fragmenta
1001 847 1141 932 elegiaca
1162 847 1298 932 collegit

155 979 227 1024 cum
253 958 287 1024 in
313 955 484 1043 archetypo
512 955 671 1022 distichon
698 961 755 1021 aut
781 979 873 1022 versu
895 961 1093 1040 pentametro
1117 975 1226 1020 carens
1248 955 1297 1018 in·

156 1065 291 1131 venisset
327 1069 383 1129 aut
414 1062 606 1148 pentametri
644 1063 741 1147 ipsine
773 1065 800 1128 si
832 1064 944 1128 adorat
975 1063 1165 1129 sententiam
1196 1061 1299 1126 minus

156 1171 387 1257 comprobaret,
414 1171 463 1237 val
490 1170 587 1236 aliam
610 1191 648 1236 ex
671 1167 804 1236 arbitrio
828 1189 885 1235 sno
907 1169 1053 1246 inseruit,
1080 1169 1130 1238 vel
1156 1168 1299 1234 lacunam

154 1280 201 1346 ita
228 1279 354 1363 explere
381 1277 516 1355 studuit,
542 1283 580 1343 ut
606 1279 806 1362 pentametro
832 1275 961 1342 aliunde
987 1275 1088 1343 accito
1111 1278 1300 1341 sententiam

155 1387 335 1471 compleret.
376 1385 467 1465 Quod
486 1384 587 1450 fatum
605 1389 712 1449 ulmum
730 1383 818 1468 prius
836 1381 974 1468 syllegae
996 1389 1124 1448 nostrae
1142 1380 1299 1447 distichon

154 1494 215 1580 (vv.
225 1493 300 1560 539.
310 1491 390 1578 540)
409 1513 451 1558 en
465 1491 622 1577 posterius
639 1491 701 1576 (vv.
712 1489 876 1578 553.554)
895 1496 1058 1574 expertum
1072 1489 1123 1565 sil,
1142 1488 1300 1572 explorari

155 1601 273 1684 nequit
332 1599 530 1684 Hartungius
561 1599 688 1682 quidem
719 1599 858 1684 priorem
889 1601 1121 1683 pentametrum
1154 1595 1195 1678 (v.
1219 1595 1299 1680 540)

155 1707 301 1774 cancellis
324 1707 456 1792 saepsit;
479 1705 635 1790 Berglrius
654 1705 814 1790 ceterique
832 1705 970 1771 editores
989 1709 1157 1787 utrumque
1177 1723 1300 1768 versum

157 1816 190 1880 in
212 1819 362 1882 contextu
384 1812 589 1896 reliquerunt.

244 1919 398 1986 Similiter
428 1920 632 1986 iudicandum
664 1920 725 1985 erit
752 1919 792 1985 de
819 1918 890 1984 aliis
917 1917 1060 1984 uersibus
1088 1916 1300 2001 singularibus

155 2027 308 2112 repetitis
353 2027 422 2106 Quo
450 2049 489 2092 ex
515 2047 645 2093 numero
672 2047 725 2092 eos
753 2026 985 2111 depromamus,
1012 2025 1067 2109 qni
1096 2025 1230 2088 maxime
1258 2023 1299 2088 ad

155 2153 223 2199 rem
245 2140 385 2200 nostram
407 2134 568 2218 pertinere
586 2133 762 2200 videantur.
807 2133 844 2198 In
868 2132 1012 2198 distichis
1034 2131 1133 2216 igitur
1152 2131 1301 2196 editionis

154 2239 353 2325 Bergkianae
630 2319 633 2328 Α

203 2365 265 2430 167
294 2356 377 2430 Ἀλλ’
400 2357 491 2449 ἄλλῳ
515 2360 624 2428 κακόν
648 2362 728 2444 ἐστι,
750 2356 790 2430 τὸ
816 2355 845 2429 δ’
851 2355 987 2448 ἀτρεκὲς
1011 2356 1122 2443 ὄλβιος
1146 2354 1256 2440 οὐδεὶς

204 2473 266 2538 168
336 2463 581 2555 ἀνθρώπων,
605 2463 780 2549 ὁπόσους
802 2463 934 2558 ἠέλιος
957 2475 1122 2559 καθορᾷ.

152 2587 188 2646 et
203 2580 268 2645 849
295 2571 343 2645 Οὐ
365 2569 427 2663 γὰρ
452 2571 510 2643 ἔθ’
533 2570 681 2664 εὑρήσεις
705 2579 810 2664 δῆμον
834 2576 1082 2660 φιλοδέσποτον
1106 2567 1171 2644 aide

200 2685 266 2753 850
334 2678 579 2769 ἀνθρώπων,
602 2676 778 2762 ὁπόσους
800 2676 931 2771 ἠέλιος
956 2690 1122 2773 καθορᾷ.

150 2851 226 2896 cnm
249 2832 484 2918 pentametrum
510 2825 629 2894 habeas
652 2827 799 2904 eundem,
826 2833 932 2892 tamen
960 2846 1061 2912 neque
1088 2827 1172 2893 hunc
1198 2831 1316 2912 neqne'

150 2936 245 3002 illum
266 2931 389 3000 librarii
408 2956 514 3000 errore
533 2935 760 3020 interpolatum
778 2955 846 3000 esse
864 2933 1042 3002 contendes.
1080 2934 1197 3000 Poetae
1217 2936 1300 3000 enim

149 3049 188 3109 ut
206 3039 377 3108 verborum
396 3041 459 3106 rim
477 3047 574 3126 atque
592 3041 762 3119 notionem,
785 3063 879 3126 quem
898 3042 931 3106 in
949 3041 1012 3106 illis
1030 3042 1131 3107 inesse
1149 3041 1301 3108 conoedes

148 3144 290 3228 ,πάντες
308 3140 490 3233 ἄνθρωποι
512 3147 562 3214 rel
584 3139 703 3225 ,οὐδεὶς
723 3141 939 3232 ἀνθρώπων,
962 3145 1217 3226 corroborarent,
1239 3148 1301 3215 sol-

148 3257 275 3323 lemnes
310 3254 381 3320 illas
418 3254 569 3320 formulas
605 3253 805 3322 adamabant
816 3255 841 3341 ¹)
896 3253 979 3332 Quid
1011 3254 1176 3332 Homerus,
1206 3258 1301 3339 poiita

148 3381 304 3438 summus,
326 3381 430 3428 nonne
453 3367 611 3429 sescentas
634 3361 702 3428 eius
724 3361 848 3445 generis
867 3359 1018 3428 formulas
1041 3359 1173 3426 adhibet
1194 3361 1302 3447 eisquc

147 3471 233 3536 adeo
263 3467 415 3534 delectari
447 3468 627 3556 videturii)
682 3468 766 3548 Quid
798 3467 955 3534 Hesiodus
987 3467 1104 3553 aliique
1135 3465 1300 3534 clarissimi

145 3573 287 3663 poetae?
324 3555 439 3641 Omnes
467 3595 560 3662 saepe
587 3575 671 3642 idem
699 3574 849 3640 fecerunt
900 3575 945 3642 Ut
973 3577 1006 3641 in
1032 3574 1135 3658 pottis
1153 3574 1300 3658 elegiacis

146 3701 343 3757 commorer,
370 3678 518 3747 Solonem
545 3687 657 3748 testem
680 3681 807 3760 advoco,
834 3684 866 3746 in
890 3684 979 3750 cuius
1002 3681 1179 3766 fragmento
1203 3682 1301 3766 Berg-

146 3793 268 3858 kianae
303 3787 451 3854 editionis
487 3794 601 3872 quarto
633 3789 754 3854 decimo
786 3790 918 3856 eandem
950 3788 1016 3855 lere
1048 3787 1236 3855 sententiam
1263 3809 1301 3855 ec

145 3893 392 3980 Theognideam
414 3896 575 3961 conditam
598 3897 750 3963 invenies:

146 4015 319 4028 ..—...-·---—

243 4059 264 4124 ¹)
283 4053 335 4110 cfr.
355 4071 379 4109 r.
398 4054 425 4110 d.
444 4055 555 4126 Merum
574 4073 601 4126 p.
622 4057 655 4111 19
675 4071 733 4125 sqq.

240 4146 263 4212 ⁹)
283 4141 502 4200 accuratissime
521 4159 538 4200 s
557 4161 580 4200 v.
601 4145 626 4200 d.
646 4145 727 4216 Mero
751 4145 779 4199 in
798 4161 881 4200 unum
900 4150 1075 4215 conspectum
1095 4145 1219 4216 congesti
1236 4153 1300 4202 sunt

145 4233 289 4296 eiusmodi
314 4231 367 4286 loci
396 4249 422 4302 p.
446 4234 481 4288 20
504 4250 577 4304 sqq.;
610 4233 659 4289 elr.
689 4239 834 4304 praeterea
861 4233 1105 4305 Kucllcnbergium
1134 4253 1160 4306 p.
1179 4237 1214 4290 49
1239 4252 1300 4306 sqq.

146 4331 217 4387 Cum
237 4327 294 4381 hcc
314 4320 453 4378 locutione
476 4322 614 4388 sollemni,
639 4323 728 4393 qualis
746 4323 776 4379 in
795 4323 892 4394 elegiis
911 4324 1062 4392 invenitur,
1086 4325 1180 4382 confer
1198 4325 1298 4382 Home·
1318 4307 1325 4320 ⁴

143 4418 235 4476 ticam
259 4412 342 4468 illam
361 4399 392 4474 iic
411 4405 493 4465 πάντ’
513 4409 606 4487 ἐφορᾷ
625 4414 674 4466 καὶ
692 4408 777 4467 πάντ’
798 4409 932 4470 ἐπακούει
953 4413 1033 4469 Iliad.
1057 4417 1082 4480 3,
1101 4417 1167 4482 2773
1186 4415 1236 4472 Od.
1257 4417 1300 4475 11.

146 4508 213 4574 1093
235 4505 279 4570 12,
295 4499 360 4557 323.
379 4529 412 4540 -
431 4497 481 4556 cfr.
501 4501 584 4558 etism
604 4501 846 4576 Kucllcnbergium
865 4521 891 4575 p.
914 4506 944 4560 17
964 4510 992 4561 et
1013 4507 1046 4562 18
1064 4506 1127 4561 adn.
1148 4508 1171 4561 1.
