3304 4922
364 380 405 444 aa
799 415 844 426 -
891 379 975 461 μιν]
1023 415 1067 425 -

369 565 422 648 (oi.
440 565 525 633 inira
540 567 557 651 ᾗ
574 569 603 650 3)
630 567 687 632 iux
702 565 893 644 affunditur3
926 586 1011 650 quae
1034 565 1217 642 aioutii11u‚
1249 585 1271 631 a
1294 563 1432 648 quibua
1455 584 1531 650 pro·

364 667 441 734 secti
463 687 583 750 somus,
609 669 674 734 iam
696 669 730 734 in
752 669 927 754 archetypo
949 669 1049 735 fuisse
1070 666 1214 754 putanda
1236 673 1328 733 sunt.

450 789 560 856 Redeo
581 809 667 855 nuno
695 789 739 854 ad
759 789 850 854 iilum
874 789 992 870 ionum,
1025 807 1119 871 quom
1147 789 1256 874 paullo
1278 807 1392 873 snpra
1419 787 1530 871 signi·
1611 803 1612 870 j

364 891 459 958 fioavi
481 889 523 958 de
545 911 574 957 o.
599 911 631 957 v.
657 912 689 977 p.
711 893 781 957 289·
795 897 852 956 καέ
877 915 936 974 μοι
959 891 1050 958 δοκεῖ
1075 915 1126 968 τις
1150 885 1209 956 οἷοι
1232 885 1276 957 ἄν
1298 884 1531 976 ἁμαρτάνειν
1611 879 1612 886 ¹

365 991 503 1070 εἰκάσας
526 987 632 1081 αὐτὴν
653 1001 692 1078 τῇ
704 987 864 1081 Ὁμηρικῇ
874 988 1016 1082 Ἀθηνᾷ.
1050 993 1157 1079 ἐκείνη
1181 1015 1216 1058 τε
1233 989 1298 1078 γὰρ
1316 989 1389 1059 τὸν
1402 987 1530 1059 Ὀδυσ-

365 1100 426 1161 σέα
449 1091 509 1162 τὸν
531 1091 636 1162 αὐτὸν
658 1091 739 1190 ἄντα
763 1091 882 1162 ἄλλοτε
907 1091 1044 1164 ἄλλοῖον
1067 1095 1177 1162 ἐποίει
1200 1100 1422 1182 φαίνεσθαι,
1453 1095 1528 1160 τοτὲ

365 1200 429 1281 μὲν
451 1195 555 1284 ῥυσὸν
576 1201 634 1265 καὶ
656 1197 778 1286 μικρὸν
799 1202 856 1264 καὶ
879 1196 1021 1286 αἰσχρὸν
1039 1249 1045 1262 .
1063 1249 1070 1264 .
1088 1250 1095 1262 .
1112 1199 1188 1264 τοτὲ
1211 1198 1249 1264 δὲ
1268 1247 1276 1262 .
1294 1247 1329 1262 ..

450 1317 591 1402 μείζονά
612 1313 639 1383 ν’
658 1319 822 1402 εἰσιδέειν,
849 1322 906 1384 καὶ
928 1318 1096 1402 πάσσονα,
1123 1316 1187 1384 κὰδ
1209 1319 1246 1384 δὲ
1270 1315 1435 1406 κάρητος

452 1417 554 1500 οὔλας
575 1411 633 1510 ἧκε
656 1421 763 1507 κόμας
782 1473 788 1486 .
806 1473 837 1488 ..

366 1537 448 1630 αὕτη
472 1567 508 1610 τε
529 1537 557 1630 (ἡ
575 1541 744 1628 σύνθεσις)
766 1539 808 1608 τὰ
823 1539 910 1611 αὐτὰ
926 1541 1147 1626 λαμβάνουσα
1163 1537 1319 1628 ὀνόματα
1348 1544 1439 1608 τοτὲ
1464 1545 1526 1626 μὲν

366 1639 506 1732 ἄμορφα
529 1647 586 1711 καὶ
609 1643 729 1728 πτωχὰ
752 1647 809 1711 καὶ
831 1643 976 1712 ταπεινὰ
997 1657 1090 1710 ποιεῖ
1105 1648 1296 1732 φαίνεσθαι
1320 1640 1368 1708 τὰ
1386 1643 1526 1733 νοήμα-
1611 1703 1612 1712 2

366 1773 422 1830 να,
456 1749 532 1814 τοτὲ
555 1748 591 1814 δέ
613 1743 730 1836 ὑψηλὰ
752 1751 809 1814 καὶ
832 1747 981 1815 πλούσια
1010 1749 1067 1814 καὶ
1094 1743 1180 1833 ἁδρὰ
1208 1749 1267 1813 καὶ
1289 1747 1398 1813 καλά.
1454 1751 1522 1816 Iam
1609 1723 1612 1804 i

365 1872 464 1938 supra
478 1853 586 1919 monui
601 1863 711 1919 vocem
732 1846 835 1938 ἁδρός
856 1852 917 1920 hoo
940 1871 1002 1920 uno
1022 1853 1092 1919 looo
1108 1849 1194 1937 apud
1208 1849 1416 1936 Dionysium
1442 1853 1520 1938 legi.
1611 1855 1612 1858 ’

368 1955 540 2023 Videamus
556 1963 672 2022 uetera.
714 1956 926 2023 Membrorum
949 1955 1189 2042 responsionem
1212 1953 1419 2040 aDiorryaio
1445 1955 1523 2022 diii·

365 2063 478 2142 genter
500 2057 662 2126 obaervari
681 2065 804 2125 eertum
819 2066 869 2126 est
890 2059 939 2143 (oi.
958 2078 1042 2142 qnae
1064 2057 1149 2123 inira
1172 2057 1251 2142 Cap.
1270 2057 1318 2123 1v
1341 2058 1463 2124 dicam
1481 2059 1522 2124 ad

365 2181 398 2246 p.
416 2165 491 2225 4461
516 2165 548 2229 et
570 2159 614 2227 ad
635 2184 667 2248 p.
686 2165 809 2248 446α];
835 2161 901 2229 duo
923 2163 995 2229 oola
1017 2183 1058 2228 ex
1076 2159 1176 2228 ternis
1192 2160 1363 2226 commatis
1381 2181 1523 2248 oompo-

364 2271 483 2330 uantur
511 2265 587 2330 τοτὲ
609 2263 672 2347 μὲν
695 2261 799 2352 ῥυσὸν
826 2266 884 2331 καὶ
912 2261 1034 2352 μικρὸν
1063 2265 1119 2330 καὶ
1142 2260 1300 2349 αἰσχρὸν,
1340 2265 1426 2330 τοτὲ
1457 2267 1522 2347 μὲν

366 2361 507 2453 ἄμορφα
530 2367 587 2432 καὶ
609 2363 730 2450 πτωχὰ
756 2369 813 2433 καὶ
835 2365 1000 2446 ταπεινᾶ;
1036 2369 1162 2434 tertium
1187 2388 1228 2434 ex
1250 2373 1411 2450 quattuor
1438 2389 1520 2435 oon·

364 2478 454 2537 stans
477 2471 692 2557 suspicionem
714 2480 830 2539 movet.
871 2469 1099 2550 Quaerendum
1121 2471 1307 2554 igiturest,
1343 2471 1519 2556 quodnam

364 2575 540 2642 membrum
569 2576 712 2660 spurium
735 2575 892 2642 videatur.
939 2575 1104 2642 Structora
1132 2575 1332 2658 singulorum
1364 2595 1519 2641 comma-

364 2681 431 2741 tum
453 2678 561 2762 paullo
583 2677 784 2744 artificiosior
806 2685 875 2745 ont:

420 2773 560 2867 ἄμορφα
590 2778 711 2863 πσωχᾶ
741 2779 887 2847 ταπεινά
916 2775 1033 2901 definiri
1061 2777 1210 2847 πλούσια
1242 2773 1328 2862 ἁδρὰ
1361 2779 1456 2844 καλά

481 2866 484 2955 ι
651 2867 1084 2939 μ.,-,,.-.[-;.-,.,-,.,ι

485 2963 739 2972 -μ..--ω.--
746 2965 954 2974 -—-—-—-—·...-.
963 2963 1315 2972 -m-..u—-n-——a—-a-
1323 2960 1376 2970 ..ι-ι

364 3017 454 3086 Ultro
470 3019 640 3086 damnatur
655 3042 717 3087 vox
733 3015 832 3107 ἆδρά.
868 3021 1023 3088 Oonieraa
1039 3020 1187 3103 denique,
1213 3020 1335 3102 dequo
1352 3020 1426 3086 looo
1443 3019 1513 3086 iam

364 3121 441 3204 dixi,
468 3143 501 3208 p.
522 3127 632 3188 toton
656 3123 748 3188 δοκεῖ
765 3121 804 3210 δή
820 3147 880 3206 μοι
901 3131 967 3190 τῶν
989 3124 1053 3206 μὲν
1073 3116 1187 3209 ὑψηλῇ
1210 3122 1268 3186 καὶ
1283 3129 1428 3207 περιττῇ
1453 3125 1513 3187 καὶ

365 3221 590 3310 ἐξηλλαγμένῃ
619 3226 706 3304 λέξει
738 3231 952 3312 κεχρημένων
979 3227 1066 3290 xvia
1106 3225 1140 3290 in
1162 3245 1227 3308 mg.
1260 3221 1297 3290 ἒν
1324 3231 1373 3288 τῶ
1402 3219 1510 3306 ciderio.
1609 3239 1610 3316 i

364 3325 453 3390 Nihil
475 3326 550 3393 inde
573 3328 691 3394 oertius
714 3348 809 3412 qnam
832 3328 903 3409 hoo,
930 3348 1042 3395 voeem
1066 3321 1152 3413 ἄδρά
1174 3327 1216 3392 ab
1239 3347 1277 3392 eo
1300 3347 1397 3410 quom
1422 3327 1510 3393 noeti
1609 3325 1610 3353 ³

363 3429 489 3496 rhetore
504 3430 665 3496 Plutarchi
682 3431 846 3499 doetrinae
860 3451 960 3516 gnaro
975 3431 1017 3498 od
1035 3424 1152 3516 ὑψηλά
1174 3428 1371 3515 adscriptam
1388 3429 1508 3508 suisne,

364 3552 424 3598 neo
452 3532 583 3616 mirum,
621 3555 693 3600 oum
728 3536 859 3602 verbnm
896 3529 1030 3622 ὑψηλός
1059 3534 1103 3600 ibi
1137 3534 1275 3619 primum
1310 3543 1507 3600 ooourreret.

363 3634 499 3717 Deinde,
526 3642 561 3701 ut
583 3635 649 3704 fere
665 3637 710 3720 fit,
736 3638 896 3723 particula
918 3643 975 3702 καί
995 3637 1153 3705 μουσείου
1173 3637 1208 3702 in
1222 3642 1345 3702 textum
1361 3635 1509 3721 irrepsit.

450 3739 515 3805 Sed
533 3739 598 3804 iam
614 3739 812 3808 redeundum
827 3749 878 3808 est
899 3742 942 3806 ad
963 3761 1012 3821 ea,
1039 3759 1124 3824 quae
1145 3757 1244 3824 supra
1260 3737 1378 3806 statui:
1405 3737 1511 3804 inisse
1608 3799 1609 3813 ,

363 3841 522 3924 quondam
556 3842 715 3926 oodioem‚
751 3863 814 3928 qno
849 3844 994 3929 exeeptis
1027 3850 1097 3909 arto
1125 3850 1158 3909 et
1188 3849 1332 3908 veterum
1367 3860 1511 3908 oenaura

363 3944 484 4029 scripta
505 3944 654 4031 Dionysii
682 3945 842 4014 rhetorica
868 3966 950 4030 quae
979 3945 1109 4029 quidem
1142 3943 1302 4026 hodieque
1331 3953 1513 4029 supersunt
1607 3955 1608 3974 ¹

362 4046 471 4112 omnia
492 4047 845 4134 comprehenderentur.
1403 4105 1426 4138 ,

449 4165 598 4234 Veterum
614 4189 762 4252 censura,
790 4169 821 4234 h.
841 4190 869 4236 e.
889 4177 1072 4255 excerptum
1095 4187 1136 4236 ex
1155 4167 1235 4232 libro
1257 4165 1298 4232 da
1320 4165 1514 4234 imitatione

363 4270 514 4352 seeundo,
540 4271 624 4354 quod
646 4271 679 4337 in
701 4272 762 4339 hoo
777 4293 895 4358 eorpus
917 4279 1048 4357 recepta
1069 4291 1132 4338 non
1148 4279 1198 4337 eat
1219 4288 1285 4334 non
1299 4269 1511 4349 mirabimur,
