<?xml version="1.0" encoding="UTF-8"?>
<!DOCTYPE html PUBLIC "-//W3C//DTD XHTML 1.0 Transitional//EN"
    "http://www.w3.org/TR/xhtml1/DTD/xhtml1-transitional.dtd">
<html xmlns="http://www.w3.org/1999/xhtml" xml:lang="en" lang="en">
 <head>
  <title>
</title>
<meta http-equiv="Content-Type" content="text/html;charset=utf-8" />
  <meta name='ocr-system' content='tesseract 3.04.00' />
  <meta name='ocr-capabilities' content='ocr_page ocr_carea ocr_par ocr_line ocrx_word'/>
</head>
<body>
  <div class='ocr_page' id='page_1' title='image "./dissertationesp01stragoog_0186.png"; bbox 0 0 3304 4928; ppageno 0'>
   <div class='ocr_carea' id='block_1_1' title="bbox 609 365 1320 508">
    <p class='ocr_par' dir='ltr' id='par_1_1' title="bbox 609 365 1320 508">
     <span class='ocr_line' id='line_1_1' title="bbox 609 365 1320 508; baseline 0 -23"><span class='ocrx_word' id='word_1_1' title='bbox 609 459 651 468; x_wconf 91' lang='lat'><em>-</em></span> <span class='ocrx_word' id='word_1_2' title='bbox 699 365 789 508; x_wconf 73' lang='grc' dir='ltr'><em>[ιιι]</em></span> <span class='ocrx_word' id='word_1_3' title='bbox 837 459 880 468; x_wconf 95' lang='grc'>-</span> <span class='ocrx_word' id='word_1_4' title='bbox 1277 421 1320 486; x_wconf 85' lang='lat'><strong>33</strong></span> 
     </span>
    </p>
   </div>
   <div class='ocr_carea' id='block_1_2' title="bbox 168 604 1413 3886">
    <p class='ocr_par' dir='ltr' id='par_1_2' title="bbox 168 604 1339 1447">
     <span class='ocr_line' id='line_1_2' title="bbox 171 604 1319 702; baseline 0.003 -24"><span class='ocrx_word' id='word_1_5' title='bbox 171 612 324 679; x_wconf 76' lang='grc' dir='ltr'><em>τουτέστι</em></span> <span class='ocrx_word' id='word_1_6' title='bbox 346 611 487 701; x_wconf 79' lang='grc' dir='ltr'><em>πλήρης·</em></span> <span class='ocrx_word' id='word_1_7' title='bbox 513 604 597 679; x_wconf 86' lang='grc' dir='ltr'><em>ὅταν</em></span> <span class='ocrx_word' id='word_1_8' title='bbox 619 607 784 702; x_wconf 76' lang='grc' dir='ltr'><em>ηὐξῆσθαι</em></span> <span class='ocrx_word' id='word_1_9' title='bbox 808 617 901 699; x_wconf 76' lang='grc' dir='ltr'><em>δοκῇ,</em></span> <span class='ocrx_word' id='word_1_10' title='bbox 924 616 980 680; x_wconf 85' lang='grc' dir='ltr'><strong>καί</strong></span> <span class='ocrx_word' id='word_1_11' title='bbox 1002 614 1102 699; x_wconf 81' lang='grc' dir='ltr'><em>μέγας</em></span> <span class='ocrx_word' id='word_1_12' title='bbox 1123 611 1219 694; x_wconf 81' lang='grc' dir='ltr'><em>είναι,</em></span> <span class='ocrx_word' id='word_1_13' title='bbox 1241 623 1319 681; x_wconf 83' lang='grc' dir='ltr'><em>τοῦ·</em></span> 
     </span>
     <span class='ocr_line' id='line_1_3' title="bbox 170 713 1319 810; baseline 0.002 -26"><span class='ocrx_word' id='word_1_14' title='bbox 170 743 233 786; x_wconf 87' lang='grc' dir='ltr'><strong>τον</strong></span> <span class='ocrx_word' id='word_1_15' title='bbox 270 713 434 786; x_wconf 87' lang='grc' dir='ltr'><em>ταπεινόν</em></span> <span class='ocrx_word' id='word_1_16' title='bbox 471 719 620 808; x_wconf 75' lang='grc' dir='ltr'><em>ἐποίησα.</em></span> <span class='ocrx_word' id='word_1_17' title='bbox 681 722 871 802; x_wconf 83' lang='grc' dir='ltr'><em>τουτέστιν,</em></span> <span class='ocrx_word' id='word_1_18' title='bbox 908 718 1008 798; x_wconf 82' lang='grc' dir='ltr'><em>ἐάσας</em></span> <span class='ocrx_word' id='word_1_19' title='bbox 1043 726 1229 808; x_wconf 82' lang='grc' dir='ltr'><em>πλουτῆσαι</em></span> <span class='ocrx_word' id='word_1_20' title='bbox 1266 723 1319 810; x_wconf 76' lang='grc' dir='ltr'><strong>θη-</strong></span> 
     </span>
     <span class='ocr_line' id='line_1_4' title="bbox 169 822 1339 910; baseline 0 -19"><span class='ocrx_word' id='word_1_21' title='bbox 169 822 291 910; x_wconf 83' lang='grc' dir='ltr'><em>μεύσω.</em></span> <span class='ocrx_word' id='word_1_22' title='bbox 339 827 515 893; x_wconf 83' lang='lat' dir='ltr'><strong>Miserrime</strong></span> <span class='ocrx_word' id='word_1_23' title='bbox 543 835 650 893; x_wconf 85' lang='lat' dir='ltr'><strong>autem</strong></span> <span class='ocrx_word' id='word_1_24' title='bbox 674 827 805 894; x_wconf 91' lang='lat' dir='ltr'><strong>Suidam</strong></span> <span class='ocrx_word' id='word_1_25' title='bbox 832 829 892 894; x_wconf 92' lang='lat' dir='ltr'><strong>hoc</strong></span> <span class='ocrx_word' id='word_1_26' title='bbox 919 828 1254 896; x_wconf 83' lang='lat' dir='ltr'><strong>scholium&#39;tractasse</strong></span> <span class='ocrx_word' id='word_1_27' title='bbox 1281 851 1339 894; x_wconf 86' lang='lat' dir='ltr'><strong>ox.</strong></span> 
     </span>
     <span class='ocr_line' id='line_1_5' title="bbox 170 927 1319 1020; baseline 0.003 -23"><span class='ocrx_word' id='word_1_28' title='bbox 170 953 208 998; x_wconf 90' lang='lat' dir='ltr'><strong>ea</strong></span> <span class='ocrx_word' id='word_1_29' title='bbox 226 934 338 1000; x_wconf 90' lang='lat' dir='ltr'><strong>scholii</strong></span> <span class='ocrx_word' id='word_1_30' title='bbox 359 934 460 1000; x_wconf 86' lang='lat' dir='ltr'><strong>forma</strong></span> <span class='ocrx_word' id='word_1_31' title='bbox 479 940 620 1020; x_wconf 87' lang='lat' dir='ltr'><strong>apparet,</strong></span> <span class='ocrx_word' id='word_1_32' title='bbox 639 956 720 1018; x_wconf 83' lang='lat' dir='ltr'><strong>quae</strong></span> <span class='ocrx_word' id='word_1_33' title='bbox 739 934 900 1001; x_wconf 81' lang='lat' dir='ltr'><strong>codicibus</strong></span> <span class='ocrx_word' id='word_1_34' title='bbox 925 935 1211 1002; x_wconf 69' lang='lat' dir='ltr'><strong>Veseiasueca:</strong></span> <span class='ocrx_word' id='word_1_35' title='bbox 1236 927 1319 1002; x_wconf 87' lang='grc' dir='ltr'><em>όταν</em></span> 
     </span>
     <span class='ocr_line' id='line_1_6' title="bbox 170 1013 1320 1129; baseline 0.003 -25"><span class='ocrx_word' id='word_1_36' title='bbox 170 1027 191 1122; x_wconf 75' lang='grc' dir='ltr'><em>ᾗ</em></span> <span class='ocrx_word' id='word_1_37' title='bbox 214 1039 325 1119; x_wconf 77' lang='grc' dir='ltr'><em>πλέως</em></span> <span class='ocrx_word' id='word_1_38' title='bbox 347 1033 489 1118; x_wconf 81' lang='grc' dir='ltr'><em>Φαεινός</em></span> <span class='ocrx_word' id='word_1_39' title='bbox 514 1034 590 1106; x_wconf 77' lang='grc' dir='ltr'><em>ἀντὶ</em></span> <span class='ocrx_word' id='word_1_40' title='bbox 608 1048 670 1106; x_wconf 91' lang='grc' dir='ltr'><strong>τοῦ</strong></span> <span class='ocrx_word' id='word_1_41' title='bbox 688 1037 823 1129; x_wconf 81' lang='grc' dir='ltr'><em>πλήρης.</em></span> <span class='ocrx_word' id='word_1_42' title='bbox 847 1039 1031 1122; x_wconf 78' lang='grc' dir='ltr'><em>τουτέστιν,</em></span> <span class='ocrx_word' id='word_1_43' title='bbox 1053 1031 1136 1107; x_wconf 86' lang='grc' dir='ltr'><em>όταν</em></span> <span class='ocrx_word' id='word_1_44' title='bbox 1154 1013 1320 1129; x_wconf 74' lang='grc' dir='ltr'><em>ηὐξῆσθαι</em></span> 
     </span>
     <span class='ocr_line' id='line_1_7' title="bbox 171 1143 1319 1232; baseline 0.003 -21"><span class='ocrx_word' id='word_1_45' title='bbox 171 1147 253 1230; x_wconf 85' lang='grc' dir='ltr'><em>δοκῆ</em></span> <span class='ocrx_word' id='word_1_46' title='bbox 282 1149 339 1212; x_wconf 83' lang='grc' dir='ltr'><strong>καὶ</strong></span> <span class='ocrx_word' id='word_1_47' title='bbox 365 1147 464 1232; x_wconf 78' lang='grc' dir='ltr'><em>μέγας</em></span> <span class='ocrx_word' id='word_1_48' title='bbox 493 1143 585 1212; x_wconf 80' lang='grc' dir='ltr'><em>εἶναι.</em></span> <span class='ocrx_word' id='word_1_49' title='bbox 637 1147 722 1231; x_wconf 84' lang='lat' dir='ltr'><strong>Ergo</strong></span> <span class='ocrx_word' id='word_1_50' title='bbox 750 1149 876 1212; x_wconf 93' lang='lat' dir='ltr'><strong>omnino</strong></span> <span class='ocrx_word' id='word_1_51' title='bbox 904 1169 966 1213; x_wconf 92' lang='lat' dir='ltr'><strong>non</strong></span> <span class='ocrx_word' id='word_1_52' title='bbox 994 1147 1047 1213; x_wconf 94' lang='lat' dir='ltr'><strong>hic</strong></span> <span class='ocrx_word' id='word_1_53' title='bbox 1073 1148 1160 1214; x_wconf 88' lang='lat' dir='ltr'><strong>loeus</strong></span> <span class='ocrx_word' id='word_1_54' title='bbox 1187 1156 1237 1216; x_wconf 88' lang='lat' dir='ltr'><strong>est</strong></span> <span class='ocrx_word' id='word_1_55' title='bbox 1262 1150 1319 1214; x_wconf 81' lang='lat' dir='ltr'><strong>ad·</strong></span> 
     </span>
     <span class='ocr_line' id='line_1_8' title="bbox 168 1250 1319 1337; baseline 0.003 -21"><span class='ocrx_word' id='word_1_56' title='bbox 168 1252 285 1318; x_wconf 87' lang='lat' dir='ltr'><strong>iectiuo</strong></span> <span class='ocrx_word' id='word_1_57' title='bbox 313 1250 490 1336; x_wconf 82' lang='grc' dir='ltr'><strong>φαεινός,</strong></span> <span class='ocrx_word' id='word_1_58' title='bbox 518 1255 572 1319; x_wconf 89' lang='lat' dir='ltr'><strong>sed</strong></span> <span class='ocrx_word' id='word_1_59' title='bbox 598 1255 778 1318; x_wconf 89' lang='lat' dir='ltr'><strong>Phainum</strong></span> <span class='ocrx_word' id='word_1_60' title='bbox 806 1256 1045 1337; x_wconf 83' lang='lat' dir='ltr'><strong>grammaticum</strong></span> <span class='ocrx_word' id='word_1_61' title='bbox 1072 1275 1182 1320; x_wconf 87' lang='lat' dir='ltr'><strong>uocem</strong></span> <span class='ocrx_word' id='word_1_62' title='bbox 1208 1254 1319 1332; x_wconf 74' lang='grc' dir='ltr'><em>πλέως</em></span> 
     </span>
     <span class='ocr_line' id='line_1_9' title="bbox 170 1355 1070 1447; baseline 0.003 -24"><span class='ocrx_word' id='word_1_63' title='bbox 170 1379 227 1442; x_wconf 87' lang='lat' dir='ltr'><strong>per</strong></span> <span class='ocrx_word' id='word_1_64' title='bbox 248 1355 376 1447; x_wconf 81' lang='grc' dir='ltr'><em>πλήρης</em></span> <span class='ocrx_word' id='word_1_65' title='bbox 399 1361 549 1444; x_wconf 87' lang='lat' dir='ltr'><strong>explicari</strong></span> <span class='ocrx_word' id='word_1_66' title='bbox 572 1361 711 1426; x_wconf 85' lang='lat' dir='ltr'><strong>uoluisse</strong></span> <span class='ocrx_word' id='word_1_67' title='bbox 734 1359 854 1426; x_wconf 90' lang='lat' dir='ltr'><strong>scholio</strong></span> <span class='ocrx_word' id='word_1_68' title='bbox 877 1361 1070 1447; x_wconf 80' lang='lat' dir='ltr'><strong>docemur1).</strong></span> 
     </span>
    </p>

    <p class='ocr_par' dir='ltr' id='par_1_3' title="bbox 168 1463 1322 2508">
     <span class='ocr_line' id='line_1_10' title="bbox 259 1463 1318 1552; baseline 0.001 -21"><span class='ocrx_word' id='word_1_69' title='bbox 259 1466 365 1532; x_wconf 85' lang='lat' dir='ltr'><strong>Etiam</strong></span> <span class='ocrx_word' id='word_1_70' title='bbox 387 1467 420 1532; x_wconf 90' lang='lat' dir='ltr'><strong>in</strong></span> <span class='ocrx_word' id='word_1_71' title='bbox 445 1489 471 1533; x_wconf 88' lang='lat' dir='ltr'><strong>v.</strong></span> <span class='ocrx_word' id='word_1_72' title='bbox 493 1467 556 1532; x_wconf 84' lang='lat'><strong>796</strong></span> <span class='ocrx_word' id='word_1_73' title='bbox 581 1468 738 1551; x_wconf 88' lang='lat' dir='ltr'><strong>scriptura</strong></span> <span class='ocrx_word' id='word_1_74' title='bbox 757 1463 997 1552; x_wconf 79' lang='grc' dir='ltr'><em>ῥαθαπυγίζων</em></span> <span class='ocrx_word' id='word_1_75' title='bbox 1016 1505 1058 1515; x_wconf 90' lang='grc'>-</span> <span class='ocrx_word' id='word_1_76' title='bbox 1077 1463 1318 1552; x_wconf 74' lang='grc' dir='ltr'><em>ῥαθαπυγίζων</em></span> 
     </span>
     <span class='ocr_line' id='line_1_11' title="bbox 169 1573 1319 1658; baseline 0.001 -20"><span class='ocrx_word' id='word_1_77' title='bbox 169 1573 292 1638; x_wconf 89' lang='lat' dir='ltr'><strong>codices</strong></span> <span class='ocrx_word' id='word_1_78' title='bbox 337 1573 560 1657; x_wconf 84' lang='lat' dir='ltr'><strong>Aristophanis</strong></span> <span class='ocrx_word' id='word_1_79' title='bbox 609 1573 761 1639; x_wconf 83' lang='lat' dir='ltr'><strong>exhibent</strong></span> <span class='ocrx_word' id='word_1_80' title='bbox 797 1611 837 1621; x_wconf 91' lang='lat'>-</span> <span class='ocrx_word' id='word_1_81' title='bbox 877 1595 916 1638; x_wconf 89' lang='lat' dir='ltr'><strong>ex</strong></span> <span class='ocrx_word' id='word_1_82' title='bbox 957 1573 1167 1658; x_wconf 80' lang='lat' dir='ltr'><strong>explicatione</strong></span> <span class='ocrx_word' id='word_1_83' title='bbox 1207 1573 1319 1639; x_wconf 84' lang='lat' dir='ltr'><strong>addita</strong></span> 
     </span>
     <span class='ocr_line' id='line_1_12' title="bbox 169 1671 1318 1769; baseline 0.003 -27"><span class='ocrx_word' id='word_1_84' title='bbox 169 1679 323 1763; x_wconf 82' lang='lat' dir='ltr'><strong>originem</strong></span> <span class='ocrx_word' id='word_1_85' title='bbox 356 1680 461 1746; x_wconf 82' lang='lat' dir='ltr'><strong>duxit:</strong></span> <span class='ocrx_word' id='word_1_86' title='bbox 498 1675 610 1768; x_wconf 82' lang='grc' dir='ltr'><em>λάθρᾳ</em></span> <span class='ocrx_word' id='word_1_87' title='bbox 647 1675 788 1745; x_wconf 85' lang='grc' dir='ltr'><em>τύπτων</em></span> <span class='ocrx_word' id='word_1_88' title='bbox 824 1671 911 1744; x_wconf 80' lang='grc' dir='ltr'><em>κατὰ</em></span> <span class='ocrx_word' id='word_1_89' title='bbox 948 1685 1006 1766; x_wconf 87' lang='grc' dir='ltr'><strong>τῆς</strong></span> <span class='ocrx_word' id='word_1_90' title='bbox 1039 1687 1145 1766; x_wconf 85' lang='grc' dir='ltr'><strong>πυγῆς</strong></span> <span class='ocrx_word' id='word_1_91' title='bbox 1177 1682 1318 1769; x_wconf 75' lang='grc' dir='ltr'><strong>πλατείᾳ</strong></span> 
     </span>
     <span class='ocr_line' id='line_1_13' title="bbox 169 1777 1318 1874; baseline 0.002 -24"><span class='ocrx_word' id='word_1_92' title='bbox 169 1792 210 1869; x_wconf 85' lang='grc' dir='ltr'><strong>τῆ</strong></span> <span class='ocrx_word' id='word_1_93' title='bbox 240 1786 325 1871; x_wconf 84' lang='grc' dir='ltr'><em>χειρὶ</em></span> <span class='ocrx_word' id='word_1_94' title='bbox 356 1777 379 1873; x_wconf 82' lang='grc' dir='ltr'><em>ἢ</em></span> <span class='ocrx_word' id='word_1_95' title='bbox 411 1785 471 1874; x_wconf 80' lang='lat' dir='ltr'><strong>(sic</strong></span> <span class='ocrx_word' id='word_1_96' title='bbox 499 1785 628 1863; x_wconf 81' lang='lat' dir='ltr'><strong>suidas,</strong></span> <span class='ocrx_word' id='word_1_97' title='bbox 661 1785 780 1852; x_wconf 90' lang='lat' dir='ltr'><strong>scholia</strong></span> <span class='ocrx_word' id='word_1_98' title='bbox 810 1786 869 1851; x_wconf 73' lang='lat'><strong>1⁷6</strong></span> <span class='ocrx_word' id='word_1_99' title='bbox 900 1787 971 1866; x_wconf 83' lang='grc' dir='ltr'><em>καί,</em></span> <span class='ocrx_word' id='word_1_100' title='bbox 1003 1787 1087 1870; x_wconf 89' lang='lat' dir='ltr'><strong>quod</strong></span> <span class='ocrx_word' id='word_1_101' title='bbox 1115 1786 1199 1871; x_wconf 91' lang='lat' dir='ltr'><strong>apud</strong></span> <span class='ocrx_word' id='word_1_102' title='bbox 1228 1788 1318 1852; x_wconf 90' lang='lat' dir='ltr'><strong>schc-</strong></span> 
     </span>
     <span class='ocr_line' id='line_1_14' title="bbox 169 1883 1317 1977; baseline 0.001 -21"><span class='ocrx_word' id='word_1_103' title='bbox 169 1892 279 1957; x_wconf 87' lang='lat' dir='ltr'><strong>liastae</strong></span> <span class='ocrx_word' id='word_1_104' title='bbox 307 1893 417 1957; x_wconf 91' lang='lat' dir='ltr'><strong>eodem</strong></span> <span class='ocrx_word' id='word_1_105' title='bbox 445 1913 538 1958; x_wconf 89' lang='lat' dir='ltr'><strong>sensu</strong></span> <span class='ocrx_word' id='word_1_106' title='bbox 566 1899 662 1974; x_wconf 87' lang='lat' dir='ltr'><strong>atque</strong></span> <span class='ocrx_word' id='word_1_107' title='bbox 689 1883 710 1977; x_wconf 84' lang='grc' dir='ltr'><em>ἢ</em></span> <span class='ocrx_word' id='word_1_108' title='bbox 733 1893 879 1974; x_wconf 72' lang='grc' dir='ltr'><strong>συμφυεῖ</strong></span> <span class='ocrx_word' id='word_1_109' title='bbox 903 1892 1317 1977; x_wconf 50' lang='lat' dir='ltr'><strong>solemnitatemque&amp;</strong></span> 
     </span>
     <span class='ocr_line' id='line_1_15' title="bbox 169 1993 1322 2083; baseline 0.002 -21"><span class='ocrx_word' id='word_1_110' title='bbox 169 2005 209 2080; x_wconf 83' lang='grc' dir='ltr'><strong>τῆ</strong></span> <span class='ocrx_word' id='word_1_111' title='bbox 236 2005 325 2081; x_wconf 80' lang='grc' dir='ltr'><em>πυγῆ</em></span> <span class='ocrx_word' id='word_1_112' title='bbox 352 1993 465 2083; x_wconf 82' lang='grc' dir='ltr'><em>ῥόθου</em></span> <span class='ocrx_word' id='word_1_113' title='bbox 492 2003 613 2064; x_wconf 80' lang='grc' dir='ltr'><em>ποιῶν.</em></span> <span class='ocrx_word' id='word_1_114' title='bbox 661 1997 808 2064; x_wconf 85' lang='lat' dir='ltr'><strong>Ceterum</strong></span> <span class='ocrx_word' id='word_1_115' title='bbox 836 1998 984 2081; x_wconf 85' lang='lat' dir='ltr'><strong>quoniam</strong></span> <span class='ocrx_word' id='word_1_116' title='bbox 1012 1997 1119 2063; x_wconf 87' lang='lat' dir='ltr'><strong>uerbis</strong></span> <span class='ocrx_word' id='word_1_117' title='bbox 1147 1995 1322 2083; x_wconf 58' lang='grc' dir='ltr'><strong>ῥαθαγέως</strong></span> 
     </span>
     <span class='ocr_line' id='line_1_16' title="bbox 168 2099 1317 2191; baseline 0.003 -24"><span class='ocrx_word' id='word_1_118' title='bbox 168 2099 333 2188; x_wconf 80' lang='grc' dir='ltr'><strong>ῥόθογος,</strong></span> <span class='ocrx_word' id='word_1_119' title='bbox 361 2101 561 2191; x_wconf 59' lang='grc' dir='ltr'><em>ῥαθόσσωί)</em></span> <span class='ocrx_word' id='word_1_120' title='bbox 585 2105 727 2170; x_wconf 89' lang='lat' dir='ltr'><strong>codicum</strong></span> <span class='ocrx_word' id='word_1_121' title='bbox 750 2105 909 2188; x_wconf 86' lang='lat' dir='ltr'><strong>scriptura</strong></span> <span class='ocrx_word' id='word_1_122' title='bbox 931 2103 1149 2180; x_wconf 86' lang='lat' dir='ltr'><strong>confirmatur,</strong></span> <span class='ocrx_word' id='word_1_123' title='bbox 1177 2104 1317 2170; x_wconf 85' lang='lat' dir='ltr'><strong>Thomna</strong></span> 
     </span>
     <span class='ocr_line' id='line_1_17' title="bbox 170 2206 1319 2296; baseline 0 -22"><span class='ocrx_word' id='word_1_124' title='bbox 170 2209 323 2294; x_wconf 81' lang='lat' dir='ltr'><strong>Magistro</strong></span> <span class='ocrx_word' id='word_1_125' title='bbox 351 2206 591 2296; x_wconf 76' lang='grc' dir='ltr'><em>ῥοθοπυγίζειν</em></span> <span class='ocrx_word' id='word_1_126' title='bbox 619 2216 652 2276; x_wconf 88' lang='lat' dir='ltr'><strong>et</strong></span> <span class='ocrx_word' id='word_1_127' title='bbox 679 2207 932 2296; x_wconf 74' lang='grc' dir='ltr'><em>ὁοθοπυγισμός</em></span> <span class='ocrx_word' id='word_1_128' title='bbox 959 2209 1104 2276; x_wconf 85' lang='lat' dir='ltr'><strong>afferenti</strong></span> <span class='ocrx_word' id='word_1_129' title='bbox 1132 2231 1193 2274; x_wconf 92' lang='lat' dir='ltr'><strong>non</strong></span> <span class='ocrx_word' id='word_1_130' title='bbox 1218 2213 1319 2275; x_wconf 88' lang='lat' dir='ltr'><strong>maior</strong></span> 
     </span>
     <span class='ocr_line' id='line_1_18' title="bbox 169 2315 1317 2401; baseline -0.001 -19"><span class='ocrx_word' id='word_1_131' title='bbox 169 2337 264 2401; x_wconf 87' lang='lat' dir='ltr'><strong>quam</strong></span> <span class='ocrx_word' id='word_1_132' title='bbox 296 2315 413 2382; x_wconf 86' lang='lat' dir='ltr'><strong>Suidae</strong></span> <span class='ocrx_word' id='word_1_133' title='bbox 446 2319 619 2384; x_wconf 79' lang='lat' dir='ltr'><strong>auctoritas</strong></span> <span class='ocrx_word' id='word_1_134' title='bbox 651 2317 823 2383; x_wconf 88' lang='lat' dir='ltr'><strong>tribuenda</strong></span> <span class='ocrx_word' id='word_1_135' title='bbox 849 2317 991 2392; x_wconf 87' lang='lat' dir='ltr'><strong>uidetur,</strong></span> <span class='ocrx_word' id='word_1_136' title='bbox 1024 2339 1095 2382; x_wconf 91' lang='lat' dir='ltr'><strong>cum</strong></span> <span class='ocrx_word' id='word_1_137' title='bbox 1122 2317 1154 2380; x_wconf 90' lang='lat' dir='ltr'><strong>in</strong></span> <span class='ocrx_word' id='word_1_138' title='bbox 1184 2317 1317 2381; x_wconf 86' lang='lat' dir='ltr'><strong>eundem</strong></span> 
     </span>
     <span class='ocr_line' id='line_1_19' title="bbox 170 2423 1107 2508; baseline -0.002 -20"><span class='ocrx_word' id='word_1_139' title='bbox 170 2444 310 2488; x_wconf 85' lang='lat' dir='ltr'><strong>errorem</strong></span> <span class='ocrx_word' id='word_1_140' title='bbox 332 2423 442 2508; x_wconf 89' lang='lat' dir='ltr'><strong>utique</strong></span> <span class='ocrx_word' id='word_1_141' title='bbox 465 2423 580 2490; x_wconf 87' lang='lat' dir='ltr'><strong>Suidas</strong></span> <span class='ocrx_word' id='word_1_142' title='bbox 603 2425 697 2488; x_wconf 90' lang='lat' dir='ltr'><strong>simili</strong></span> <span class='ocrx_word' id='word_1_143' title='bbox 723 2423 841 2489; x_wconf 91' lang='lat' dir='ltr'><strong>scholio</strong></span> <span class='ocrx_word' id='word_1_144' title='bbox 865 2424 1034 2507; x_wconf 86' lang='lat' dir='ltr'><strong>perductus</strong></span> <span class='ocrx_word' id='word_1_145' title='bbox 1058 2424 1107 2486; x_wconf 88' lang='lat' dir='ltr'><strong>sit.</strong></span> 
     </span>
    </p>

    <p class='ocr_par' dir='ltr' id='par_1_4' title="bbox 257 2528 1085 2612">
     <span class='ocr_line' id='line_1_20' title="bbox 257 2528 1085 2612; baseline -0.002 -18"><span class='ocrx_word' id='word_1_146' title='bbox 257 2529 367 2612; x_wconf 89' lang='lat' dir='ltr'><strong>Neque</strong></span> <span class='ocrx_word' id='word_1_147' title='bbox 390 2531 486 2595; x_wconf 89' lang='lat' dir='ltr'><strong>aliter</strong></span> <span class='ocrx_word' id='word_1_148' title='bbox 508 2531 712 2595; x_wconf 90' lang='lat' dir='ltr'><strong>iudicandum</strong></span> <span class='ocrx_word' id='word_1_149' title='bbox 734 2528 863 2594; x_wconf 87' lang='lat' dir='ltr'><strong>uidetur</strong></span> <span class='ocrx_word' id='word_1_150' title='bbox 886 2530 925 2595; x_wconf 89' lang='lat' dir='ltr'><strong>de</strong></span> <span class='ocrx_word' id='word_1_151' title='bbox 948 2550 1043 2593; x_wconf 90' lang='lat' dir='ltr'><strong>uersu</strong></span> <span class='ocrx_word' id='word_1_152' title='bbox 1064 2529 1085 2592; x_wconf 84' lang='lat'>9</span> 
     </span>
    </p>

    <p class='ocr_par' dir='ltr' id='par_1_5' title="bbox 169 2627 1122 2826">
     <span class='ocr_line' id='line_1_21' title="bbox 352 2627 1122 2722; baseline -0.001 -22"><span class='ocrx_word' id='word_1_153' title='bbox 352 2637 534 2718; x_wconf 73' lang='grc' dir='ltr'><em>ξυναυλίαν</em></span> <span class='ocrx_word' id='word_1_154' title='bbox 556 2631 782 2722; x_wconf 82' lang='grc' dir='ltr'><em>πενθῆσωμεν</em></span> <span class='ocrx_word' id='word_1_155' title='bbox 809 2627 991 2719; x_wconf 78' lang='grc' dir='ltr'><em>Οὐλύμπου</em></span> <span class='ocrx_word' id='word_1_156' title='bbox 1015 2629 1122 2717; x_wconf 87' lang='grc' dir='ltr'><em>νόμον</em></span> 
     </span>
     <span class='ocr_line' id='line_1_22' title="bbox 169 2741 954 2826; baseline -0.005 -19"><span class='ocrx_word' id='word_1_157' title='bbox 169 2741 223 2826; x_wconf 89' lang='lat' dir='ltr'><strong>qui</strong></span> <span class='ocrx_word' id='word_1_158' title='bbox 248 2745 279 2806; x_wconf 90' lang='lat' dir='ltr'><strong>in</strong></span> <span class='ocrx_word' id='word_1_159' title='bbox 304 2742 464 2808; x_wconf 85' lang='lat' dir='ltr'><strong>codicibus</strong></span> <span class='ocrx_word' id='word_1_160' title='bbox 488 2742 711 2826; x_wconf 74' lang='lat' dir='ltr'><strong>Aristophanis</strong></span> <span class='ocrx_word' id='word_1_161' title='bbox 735 2743 780 2807; x_wconf 89' lang='lat' dir='ltr'><strong>sic</strong></span> <span class='ocrx_word' id='word_1_162' title='bbox 802 2743 954 2808; x_wconf 83' lang='lat' dir='ltr'><strong>traditur:</strong></span> 
     </span>
    </p>

    <p class='ocr_par' dir='ltr' id='par_1_6' title="bbox 168 2840 1413 3886">
     <span class='ocr_line' id='line_1_23' title="bbox 353 2840 1138 2932; baseline -0.003 -19"><span class='ocrx_word' id='word_1_163' title='bbox 353 2851 534 2931; x_wconf 77' lang='grc' dir='ltr'><em>ξυναυλίαν</em></span> <span class='ocrx_word' id='word_1_164' title='bbox 557 2843 753 2932; x_wconf 81' lang='grc' dir='ltr'><em>κλαύσωμεν</em></span> <span class='ocrx_word' id='word_1_165' title='bbox 781 2840 962 2930; x_wconf 78' lang='grc' dir='ltr'><em>Οὐλύμπου</em></span> <span class='ocrx_word' id='word_1_166' title='bbox 985 2842 1092 2930; x_wconf 84' lang='grc' dir='ltr'><em>νόμον</em></span> <span class='ocrx_word' id='word_1_167' title='bbox 1101 2848 1138 2932; x_wconf 79' lang='lat'><strong>³).</strong></span> 
     </span>
     <span class='ocr_line' id='line_1_24' title="bbox 170 2945 1317 3041; baseline -0.003 -20"><span class='ocrx_word' id='word_1_168' title='bbox 170 2955 292 3021; x_wconf 82' lang='lat' dir='ltr'><strong>Collato</strong></span> <span class='ocrx_word' id='word_1_169' title='bbox 320 2958 404 3020; x_wconf 89' lang='lat' dir='ltr'><strong>enim</strong></span> <span class='ocrx_word' id='word_1_170' title='bbox 427 2956 593 3021; x_wconf 90' lang='lat' dir='ltr'><strong>Theodoro</strong></span> <span class='ocrx_word' id='word_1_171' title='bbox 617 2955 847 3041; x_wconf 80' lang='lat' dir='ltr'><strong>Hyrtaoeno⁴)=</strong></span> <span class='ocrx_word' id='word_1_172' title='bbox 876 2954 975 3038; x_wconf 81' lang='grc' dir='ltr'><em>δεῦρο</em></span> <span class='ocrx_word' id='word_1_173' title='bbox 999 2945 1039 3039; x_wconf 61' lang='lat' dir='ltr'><strong>dp*</strong></span> <span class='ocrx_word' id='word_1_174' title='bbox 1063 2947 1238 3039; x_wconf 83' lang='grc' dir='ltr'><em>Καλλιόπη</em></span> <span class='ocrx_word' id='word_1_175' title='bbox 1261 2956 1317 3018; x_wconf 85' lang='grc' dir='ltr'><strong>καὶ</strong></span> 
     </span>
     <span class='ocr_line' id='line_1_25' title="bbox 170 3052 1316 3148; baseline -0.003 -22"><span class='ocrx_word' id='word_1_176' title='bbox 170 3065 318 3142; x_wconf 81' lang='grc' dir='ltr'><em>Μοῦσαι,</em></span> <span class='ocrx_word' id='word_1_177' title='bbox 354 3065 513 3147; x_wconf 80' lang='grc' dir='ltr'><em>Σειρῆσιν</em></span> <span class='ocrx_word' id='word_1_178' title='bbox 545 3052 660 3148; x_wconf 85' lang='grc' dir='ltr'><em>αύτοτς</em></span> <span class='ocrx_word' id='word_1_179' title='bbox 693 3053 872 3143; x_wconf 69' lang='grc' dir='ltr'><em>Άχελωΐσι,</em></span> <span class='ocrx_word' id='word_1_180' title='bbox 910 3059 1091 3140; x_wconf 76' lang='grc' dir='ltr'><em>ξυναυλίαν</em></span> <span class='ocrx_word' id='word_1_181' title='bbox 1123 3055 1316 3144; x_wconf 80' lang='grc' dir='ltr'><em>πενθήσατε</em></span> 
     </span>
     <span class='ocr_line' id='line_1_26' title="bbox 168 3163 1318 3254; baseline -0.002 -22"><span class='ocrx_word' id='word_1_182' title='bbox 168 3167 341 3232; x_wconf 88' lang='lat' dir='ltr'><strong>uerisimile</strong></span> <span class='ocrx_word' id='word_1_183' title='bbox 373 3165 410 3232; x_wconf 88' lang='lat' dir='ltr'><strong>fit</strong></span> <span class='ocrx_word' id='word_1_184' title='bbox 441 3163 667 3254; x_wconf 83' lang='grc' dir='ltr'><em>πενθήσωμεν</em></span> <span class='ocrx_word' id='word_1_185' title='bbox 702 3165 784 3231; x_wconf 91' lang='lat' dir='ltr'><strong>nihil</strong></span> <span class='ocrx_word' id='word_1_186' title='bbox 815 3166 903 3231; x_wconf 83' lang='lat' dir='ltr'><strong>alind</strong></span> <span class='ocrx_word' id='word_1_187' title='bbox 936 3187 1004 3230; x_wconf 88' lang='lat' dir='ltr'><strong>esso</strong></span> <span class='ocrx_word' id='word_1_188' title='bbox 1036 3187 1130 3250; x_wconf 90' lang='lat' dir='ltr'><strong>qnam</strong></span> <span class='ocrx_word' id='word_1_189' title='bbox 1161 3165 1318 3248; x_wconf 82' lang='lat' dir='ltr'><strong>glossema</strong></span> 
     </span>
     <span class='ocr_line' id='line_1_27' title="bbox 168 3269 1317 3358; baseline -0.002 -20"><span class='ocrx_word' id='word_1_190' title='bbox 168 3276 241 3338; x_wconf 93' lang='lat' dir='ltr'><strong>uoci</strong></span> <span class='ocrx_word' id='word_1_191' title='bbox 272 3269 469 3358; x_wconf 78' lang='grc' dir='ltr'><em>κλαύσωμεν</em></span> <span class='ocrx_word' id='word_1_192' title='bbox 497 3274 745 3356; x_wconf 79' lang='lat' dir='ltr'><strong>Byzantinornm</strong></span> <span class='ocrx_word' id='word_1_193' title='bbox 777 3271 974 3354; x_wconf 89' lang='lat' dir='ltr'><strong>temporibus</strong></span> <span class='ocrx_word' id='word_1_194' title='bbox 1006 3273 1177 3336; x_wconf 84' lang='lat' dir='ltr'><strong>inusitatae</strong></span> <span class='ocrx_word' id='word_1_195' title='bbox 1208 3292 1317 3354; x_wconf 86' lang='lat' dir='ltr'><strong>snper-</strong></span> 
     </span>
     <span class='ocr_line' id='line_1_28' title="bbox 170 3371 1316 3464; baseline -0.003 -19"><span class='ocrx_word' id='word_1_196' title='bbox 170 3381 330 3464; x_wconf 89' lang='lat' dir='ltr'><strong>scriptnm.</strong></span> <span class='ocrx_word' id='word_1_197' title='bbox 381 3379 460 3445; x_wconf 85' lang='lat' dir='ltr'><strong>Cum</strong></span> <span class='ocrx_word' id='word_1_198' title='bbox 492 3387 600 3445; x_wconf 88' lang='lat' dir='ltr'><strong>autem</strong></span> <span class='ocrx_word' id='word_1_199' title='bbox 633 3379 735 3445; x_wconf 82' lang='lat' dir='ltr'><strong>forma</strong></span> <span class='ocrx_word' id='word_1_200' title='bbox 765 3371 946 3462; x_wconf 80' lang='grc' dir='ltr'><em>Οὐλύμπου</em></span> <span class='ocrx_word' id='word_1_201' title='bbox 977 3379 1120 3442; x_wconf 88' lang='lat' dir='ltr'><strong>uirorum</strong></span> <span class='ocrx_word' id='word_1_202' title='bbox 1152 3377 1316 3442; x_wconf 86' lang='lat' dir='ltr'><strong>doctorum</strong></span> 
     </span>
     <span class='ocr_line' id='line_1_29' title="bbox 170 3483 1317 3569; baseline -0.003 -17"><span class='ocrx_word' id='word_1_203' title='bbox 170 3486 400 3553; x_wconf 89' lang='lat' dir='ltr'><strong>dubitationem</strong></span> <span class='ocrx_word' id='word_1_204' title='bbox 423 3491 577 3563; x_wconf 86' lang='lat' dir='ltr'><strong>moueret,</strong></span> <span class='ocrx_word' id='word_1_205' title='bbox 599 3492 710 3569; x_wconf 85' lang='lat' dir='ltr'><strong>utpote</strong></span> <span class='ocrx_word' id='word_1_206' title='bbox 732 3507 814 3569; x_wconf 87' lang='lat' dir='ltr'><strong>quae</strong></span> <span class='ocrx_word' id='word_1_207' title='bbox 833 3485 874 3549; x_wconf 88' lang='lat' dir='ltr'><strong>ab</strong></span> <span class='ocrx_word' id='word_1_208' title='bbox 894 3485 1072 3550; x_wconf 85' lang='lat' dir='ltr'><strong>Atticorum</strong></span> <span class='ocrx_word' id='word_1_209' title='bbox 1089 3483 1240 3566; x_wconf 89' lang='lat' dir='ltr'><strong>loquendi</strong></span> <span class='ocrx_word' id='word_1_210' title='bbox 1257 3505 1317 3549; x_wconf 88' lang='lat' dir='ltr'><strong>usu</strong></span> 
     </span>
     <span class='ocr_line' id='line_1_30' title="bbox 169 3583 1317 3675; baseline -0.003 -18"><span class='ocrx_word' id='word_1_211' title='bbox 169 3592 368 3670; x_wconf 86' lang='lat' dir='ltr'><strong>abhorreret,</strong></span> <span class='ocrx_word' id='word_1_212' title='bbox 400 3594 556 3659; x_wconf 87' lang='lat' dir='ltr'><strong>Kusterus</strong></span> <span class='ocrx_word' id='word_1_213' title='bbox 588 3585 631 3657; x_wconf 79' lang='grc' dir='ltr'><strong>όν</strong></span> <span class='ocrx_word' id='word_1_214' title='bbox 663 3583 826 3675; x_wconf 79' lang='grc' dir='ltr'><em>Ὀλύμπου</em></span> <span class='ocrx_word' id='word_1_215' title='bbox 858 3591 1059 3657; x_wconf 88' lang='lat' dir='ltr'><strong>scribendum</strong></span> <span class='ocrx_word' id='word_1_216' title='bbox 1086 3611 1154 3656; x_wconf 88' lang='lat' dir='ltr'><strong>esso</strong></span> <span class='ocrx_word' id='word_1_217' title='bbox 1187 3591 1317 3667; x_wconf 80' lang='lat' dir='ltr'><strong>censuit,</strong></span> 
     </span>
     <span class='ocr_line' id='line_1_31' title="bbox 169 3689 1317 3785; baseline -0.003 -21"><span class='ocrx_word' id='word_1_218' title='bbox 169 3699 382 3785; x_wconf 82' lang='lat' dir='ltr'><strong>Meinekius⁵)</strong></span> <span class='ocrx_word' id='word_1_219' title='bbox 406 3699 461 3764; x_wconf 86' lang='lat' dir='ltr'><strong>ille</strong></span> <span class='ocrx_word' id='word_1_220' title='bbox 483 3699 582 3764; x_wconf 87' lang='lat' dir='ltr'><strong>uerba</strong></span> <span class='ocrx_word' id='word_1_221' title='bbox 606 3689 777 3779; x_wconf 79' lang='grc' dir='ltr'><em>αύτολεξεί</em></span> <span class='ocrx_word' id='word_1_222' title='bbox 799 3698 977 3781; x_wconf 75' lang='lat' dir='ltr'><strong>eutropiae</strong></span> <span class='ocrx_word' id='word_1_223' title='bbox 996 3695 1107 3778; x_wconf 81' lang='lat' dir='ltr'><strong>aliquo</strong></span> <span class='ocrx_word' id='word_1_224' title='bbox 1125 3695 1317 3776; x_wconf 79' lang='lat' dir='ltr'><strong>Aristopha-</strong></span> 
     </span>
     <span class='ocr_line' id='line_1_32' title="bbox 169 3801 1413 3886; baseline -0.003 -16"><span class='ocrx_word' id='word_1_225' title='bbox 169 3827 240 3870; x_wconf 82' lang='grc' dir='ltr'><em>ιιοιιι</em></span> <span class='ocrx_word' id='word_1_226' title='bbox 267 3807 473 3886; x_wconf 65' lang='grc' dir='ltr'><em>αοωυιιμαοεε</em></span> <span class='ocrx_word' id='word_1_227' title='bbox 500 3807 627 3883; x_wconf 80' lang='lat' dir='ltr'><strong>statuit,</strong></span> <span class='ocrx_word' id='word_1_228' title='bbox 660 3823 725 3868; x_wconf 85' lang='grc' dir='ltr'><em>υοιι</em></span> <span class='ocrx_word' id='word_1_229' title='bbox 753 3808 789 3868; x_wconf 79' lang='lat' dir='ltr'><strong>ot</strong></span> <span class='ocrx_word' id='word_1_230' title='bbox 816 3827 854 3868; x_wconf 87' lang='grc' dir='ltr'><strong>ια</strong></span> <span class='ocrx_word' id='word_1_231' title='bbox 881 3803 1013 3880; x_wconf 82' lang='lat' dir='ltr'><strong>rideret,</strong></span> <span class='ocrx_word' id='word_1_232' title='bbox 1043 3801 1098 3866; x_wconf 83' lang='lat' dir='ltr'><strong>sed</strong></span> <span class='ocrx_word' id='word_1_233' title='bbox 1125 3806 1161 3865; x_wconf 81' lang='lat' dir='ltr'><strong>ut</strong></span> <span class='ocrx_word' id='word_1_234' title='bbox 1183 3803 1317 3867; x_wconf 82' lang='grc' dir='ltr'><em>οοιιιίοιιο</em></span> <span class='ocrx_word' id='word_1_235' title='bbox 1411 3823 1413 3828; x_wconf 96' lang='grc'><strong><em>·</em></strong></span> 
     </span>
    </p>
   </div>
   <div class='ocr_carea' id='block_1_3' title="bbox 170 4007 1315 4266">
    <p class='ocr_par' dir='ltr' id='par_1_7' title="bbox 170 4007 1315 4266">
     <span class='ocr_line' id='line_1_33' title="bbox 245 4007 1315 4082; baseline -0.001 -10"><span class='ocrx_word' id='word_1_236' title='bbox 245 4017 316 4080; x_wconf 78' lang='lat' dir='ltr'><strong>&#39;ici</strong></span> <span class='ocrx_word' id='word_1_237' title='bbox 335 4017 460 4072; x_wconf 85' lang='lat' dir='ltr'><strong>Dindorf.</strong></span> <span class='ocrx_word' id='word_1_238' title='bbox 480 4017 606 4072; x_wconf 82' lang='lat' dir='ltr'><strong>Addend.</strong></span> <span class='ocrx_word' id='word_1_239' title='bbox 625 4015 661 4070; x_wconf 84' lang='lat' dir='ltr'><strong>ud</strong></span> <span class='ocrx_word' id='word_1_240' title='bbox 680 4015 770 4071; x_wconf 88' lang='lat' dir='ltr'><strong>Schol.</strong></span> <span class='ocrx_word' id='word_1_241' title='bbox 790 4014 842 4069; x_wconf 83' lang='lat' dir='ltr'><strong>vol.</strong></span> <span class='ocrx_word' id='word_1_242' title='bbox 857 4015 898 4068; x_wconf 92' lang='lat' dir='ltr'><strong>lll</strong></span> <span class='ocrx_word' id='word_1_243' title='bbox 918 4030 963 4082; x_wconf 77' lang='grc' dir='ltr'><strong>μς.</strong></span> <span class='ocrx_word' id='word_1_244' title='bbox 987 4014 1039 4068; x_wconf 86' lang='grc'><strong>388</strong></span> <span class='ocrx_word' id='word_1_245' title='bbox 1058 4007 1163 4077; x_wconf 82' lang='lat' dir='ltr'><strong>adnot,</strong></span> <span class='ocrx_word' id='word_1_246' title='bbox 1187 4013 1233 4067; x_wconf 91' lang='lat' dir='ltr'><strong>uhi</strong></span> <span class='ocrx_word' id='word_1_247' title='bbox 1253 4013 1315 4072; x_wconf 82' lang='lat' dir='ltr'><strong>loci.</strong></span> 
     </span>
     <span class='ocr_line' id='line_1_34' title="bbox 170 4103 938 4176; baseline -0.007 -16"><span class='ocrx_word' id='word_1_248' title='bbox 170 4105 270 4175; x_wconf 88' lang='lat' dir='ltr'><strong>quibus</strong></span> <span class='ocrx_word' id='word_1_249' title='bbox 288 4105 388 4162; x_wconf 80' lang='lat' dir='ltr'><strong>Phaini</strong></span> <span class='ocrx_word' id='word_1_250' title='bbox 406 4105 579 4176; x_wconf 77' lang='lat' dir='ltr'><strong>grammatici</strong></span> <span class='ocrx_word' id='word_1_251' title='bbox 599 4104 703 4159; x_wconf 85' lang='lat' dir='ltr'><strong>mentio</strong></span> <span class='ocrx_word' id='word_1_252' title='bbox 722 4103 762 4169; x_wconf 84' lang='lat' dir='ltr'><strong>fit,</strong></span> <span class='ocrx_word' id='word_1_253' title='bbox 782 4109 938 4158; x_wconf 79' lang='lat' dir='ltr'><strong>cantantur.</strong></span> 
     </span>
     <span class='ocr_line' id='line_1_35' title="bbox 243 4183 1058 4266; baseline -0.006 -18"><span class='ocrx_word' id='word_1_254' title='bbox 243 4193 263 4259; x_wconf 58' lang='grc' dir='ltr'><strong>λ)</strong></span> <span class='ocrx_word' id='word_1_255' title='bbox 281 4195 400 4266; x_wconf 86' lang='lat' dir='ltr'><strong>Hesyoh.</strong></span> <span class='ocrx_word' id='word_1_256' title='bbox 419 4189 647 4266; x_wconf 81' lang='grc' dir='ltr'><em>ῥαθασσόμενοι·</em></span> <span class='ocrx_word' id='word_1_257' title='bbox 668 4188 841 4263; x_wconf 85' lang='grc' dir='ltr'><em>ραινόμενοι,</em></span> <span class='ocrx_word' id='word_1_258' title='bbox 861 4183 1058 4259; x_wconf 74' lang='grc' dir='ltr'><em>πληττόμενα.</em></span> 
     </span>
    </p>
   </div>
   <div class='ocr_carea' id='block_1_4' title="bbox 242 4278 824 4428">
    <p class='ocr_par' dir='ltr' id='par_1_8' title="bbox 242 4278 824 4428">
     <span class='ocr_line' id='line_1_36' title="bbox 243 4278 456 4350; baseline -0.019 -9"><span class='ocrx_word' id='word_1_259' title='bbox 243 4282 263 4341; x_wconf 81' lang='lat'><strong>³)</strong></span> <span class='ocrx_word' id='word_1_260' title='bbox 283 4278 405 4350; x_wconf 87' lang='grc' dir='ltr'><em>νολόμον</em></span> <span class='ocrx_word' id='word_1_261' title='bbox 424 4283 456 4338; x_wconf 88' lang='lat' dir='ltr'><strong>R.</strong></span> 
     </span>
     <span class='ocr_line' id='line_1_37' title="bbox 242 4369 824 4428; baseline -0.014 0"><span class='ocrx_word' id='word_1_262' title='bbox 242 4371 263 4428; x_wconf 83' lang='lat' dir='ltr'><strong>⁴i</strong></span> <span class='ocrx_word' id='word_1_263' title='bbox 283 4371 441 4426; x_wconf 83' lang='lat' dir='ltr'><strong>Boissonad.</strong></span> <span class='ocrx_word' id='word_1_264' title='bbox 462 4369 585 4425; x_wconf 84' lang='lat' dir='ltr'><strong>Anecdd.</strong></span> <span class='ocrx_word' id='word_1_265' title='bbox 605 4369 703 4422; x_wconf 80' lang='lat' dir='ltr'><strong>Graec.</strong></span> <span class='ocrx_word' id='word_1_266' title='bbox 724 4369 744 4424; x_wconf 90' lang='grc' dir='ltr'><strong>Ι.</strong></span> <span class='ocrx_word' id='word_1_267' title='bbox 764 4369 824 4421; x_wconf 81' lang='lat'>277.</span> 
     </span>
    </p>
   </div>
   <div class='ocr_carea' id='block_1_5' title="bbox 242 4458 670 4528">
    <p class='ocr_par' dir='ltr' id='par_1_9' title="bbox 242 4458 670 4528">
     <span class='ocr_line' id='line_1_38' title="bbox 242 4458 670 4528; baseline -0.007 -16"><span class='ocrx_word' id='word_1_268' title='bbox 242 4459 262 4512; x_wconf 58' lang='lat'><strong>⁵¹³</strong></span> <span class='ocrx_word' id='word_1_269' title='bbox 282 4460 372 4514; x_wconf 77' lang='lat' dir='ltr'><strong>Vindd</strong></span> <span class='ocrx_word' id='word_1_270' title='bbox 402 4459 542 4528; x_wconf 79' lang='lat' dir='ltr'><strong>Aristoph.</strong></span> <span class='ocrx_word' id='word_1_271' title='bbox 563 4473 607 4526; x_wconf 78' lang='lat' dir='ltr'><strong>pg.</strong></span> <span class='ocrx_word' id='word_1_272' title='bbox 628 4458 670 4510; x_wconf 88' lang='lat'><strong>50.</strong></span> 
     </span>
    </p>
   </div>
   <div class='ocr_carea' id='block_1_6' title="bbox 0 0 1656 4928">
    <p class='ocr_par' dir='ltr' id='par_1_10' title="bbox 0 0 1656 4928">
     <span class='ocr_line' id='line_1_39' title="bbox 0 0 1656 4928; baseline 0 0"><span class='ocrx_word' id='word_1_273' title='bbox 0 0 1656 4928; x_wconf 95' lang='lat' dir='ltr'><strong> </strong></span> 
     </span>
    </p>
   </div>
  </div>
 </body>
</html>
