3262 4926
816 389 1032 452 -6g„.‚

353 577 432 661 gula
454 597 574 662 genera
597 583 745 642 naturum
767 597 789 641 a
810 575 956 661 patribus
970 583 1136 662 acceptam
1152 583 1327 658 servarent,
1347 580 1502 662 quoniam

351 699 492 764 sequens
508 699 653 764 quaeque
676 686 766 746 aetas
787 679 908 746 eisdem
931 679 1113 765 primordiis
1137 681 1315 765 oomposita
1338 701 1414 748 esse
1438 702 1501 748 non

352 790 475 868 posset.
522 782 571 849 Ab
594 782 657 849 bau
678 782 922 850 ratiocinatione
944 790 1009 848 tam
1032 783 1189 850 oouoinna
1215 783 1287 850 illos
1310 803 1429 851 versus
1451 785 1501 849 in-

354 893 474 950 certum
497 908 616 972 quoque
638 885 702 950 iam
724 892 844 950 constet
865 909 891 950 e.
912 909 942 970 q.
965 908 992 950 a.
1017 885 1141 952 alienos
1164 905 1237 954 esse
1260 896 1410 972 apparet.
1437 926 1481 936 -

440 987 565 1054 Deinde
587 987 628 1055 de
650 987 757 1055 vorbis

924 1073 1002 1160 quid
1015 1073 1119 1158 possit
1142 1074 1229 1154 oriri,

484 1177 562 1263 quid
581 1185 723 1262 nequeat,
736 1176 840 1261 finito
857 1185 1000 1260 potestas
1022 1177 1153 1262 denique
1175 1177 1285 1262 cuique

482 1301 617 1365 quonum
638 1279 680 1344 uit
701 1279 823 1344 ratione
844 1288 937 1364 utque
960 1280 1024 1344 alte
1047 1279 1197 1345 terminas
1219 1279 1351 1345 buerm

352 1381 386 1447 in
413 1381 559 1448 versibus

846 1468 873 1545 1,
900 1470 1004 1531 rur-7

353 1568 497 1654 repetitis
525 1568 697 1636 meandum
730 1576 790 1636 est.
843 1569 914 1647 Quo
942 1569 1012 1636 loeo
1041 1590 1081 1635 ea
1116 1570 1310 1656 interpolata
1340 1589 1417 1638 esse
1447 1572 1499 1636 rix

353 1672 448 1739 certis
471 1671 579 1738 nausis
601 1671 816 1739 demonstrari
838 1679 955 1758 potest.
1002 1671 1203 1755 Quamquam
1233 1673 1371 1740 maxime
1395 1675 1498 1740 offen-

354 1774 411 1855 dit,
438 1773 523 1857 quod
544 1794 658 1841 versus
675 1778 801 1840 62-74
818 1775 998 1856 Lueretius,
1025 1795 1096 1842 uum
1119 1782 1257 1858 enarret,
1276 1776 1349 1858 quis
1372 1777 1497 1861 primus

352 1883 426 1943 arta
455 1885 589 1944 naturae
619 1879 761 1944 claustra
783 1878 954 1962 effringere
977 1877 1123 1964 cupierit,
1149 1885 1334 1945 constanter
1355 1879 1497 1964 perfeeto

353 1981 452 2046 utitur
479 1983 539 2064 (67,
567 1984 618 2063 69,
647 1986 698 2062 70,
726 1985 776 2064 72,
803 1984 853 2063 73,
882 1985 947 2066 74),
973 1980 1006 2046 in
1029 1981 1175 2048 versibus
1199 1986 1317 2047 75-7
1341 2001 1496 2067 praesens

352 2083 512 2150 indnoitur
528 2086 623 2168 (unde
638 2087 772 2171 refert
794 2085 906 2168 uobis).
946 2084 1030 2150 Nam
1046 2084 1079 2150 in
1097 2087 1147 2150 78.
1167 2088 1186 2149 9
1201 2103 1358 2170 praeseus
1373 2086 1443 2152 alia
1457 2084 1495 2150 de

354 2207 452 2254 cansa
470 2189 607 2273 positum
624 2193 684 2254 est.
725 2187 789 2253 Sed
805 2207 877 2254 oum
894 2187 1009 2254 deesse
1024 2188 1151 2274 possint
1164 2187 1211 2254 illi
1224 2208 1339 2255 versus
1359 2189 1393 2270 tl,
1413 2193 1496 2254 75-

354 2294 398 2375 7),
427 2311 486 2376 ego
509 2292 638 2374 quidem
661 2310 726 2356 uon
748 2290 869 2368 dubito,
894 2275 1091 2374 quinetiam
1114 2291 1166 2357 bio
1188 2291 1372 2378 interpolati
1395 2293 1472 2358 sint.

441 2429 550 2494 Pauca
572 2426 723 2494 addenda
746 2431 820 2492 sunt
842 2426 883 2493 de
1001 2471 1006 2480 -

707 2531 763 2611 VI,
790 2533 841 2594 56.
870 2531 1019 2612 uetvl,
1047 2534 1099 2596 90.
1129 2536 1140 2594 1

510 2655 642 2718 quorum
665 2655 794 2716 operum
816 2654 928 2697 causus
950 2633 1040 2698 nullu
1061 2633 1183 2698 ratione
1206 2633 1311 2698 videre

505 2743 640 2818 possunt
661 2759 698 2799 aa
708 2734 792 2820 fieri
812 2735 916 2800 diuino
938 2735 1064 2800 numine
1086 2745 1196 2800 rentur

790 2838 841 2922 [=
863 2839 889 2920 I,
919 2840 988 2908 153.
1009 2841 1062 2923 l).

352 2939 445 3018 Quae
467 2940 565 3006 verba
593 2939 698 3024 priore
726 2939 801 3006 libri
831 2941 914 3006 sexti
943 2941 1015 3007 loeo
1041 2940 1180 3008 delenda
1208 2960 1281 3008 esse
1309 2939 1376 3005 iam
1398 2939 1494 3005 Bent-

353 3043 451 3109 leinm
495 3042 694 3118 intellexisse
747 3064 845 3128 supra
884 3045 1144 3112 commemoravi:
1192 3043 1368 3129 posteriore
1406 3042 1495 3108 iuxta

355 3149 474 3212 85-11
502 3148 605 3216 loonm
634 3167 698 3214 uon
728 3148 858 3229 babere,
891 3155 925 3213 ut
954 3146 988 3212 bi
1011 3155 1066 3214 aut
1094 3148 1142 3214 illi
1165 3167 1277 3215 versus
1308 3145 1493 3213 secludendi

352 3251 429 3333 sint,
456 3251 683 3320 Lachmannus
706 3259 823 3318 monet.
864 3252 1077 3338 Quapropter,
1105 3273 1176 3319 enm
1193 3255 1312 3316 85-9
1334 3257 1420 3317 reete
1437 3271 1492 3317 sno

355 3355 424 3421 loeo
440 3375 476 3421 se
491 3355 610 3422 habere
625 3354 703 3419 mibi
719 3373 910 3440 persuasum
926 3355 968 3420 sit
989 3354 1055 3438 (cfr.
1075 3375 1157 3438 qnae
1172 3376 1204 3440 p.
1221 3356 1262 3417 78
1278 3373 1325 3437 sq.
1345 3353 1385 3419 de
1401 3373 1493 3438 repe·

355 3458 470 3525 titione
487 3477 638 3525 versuum
661 3460 766 3523 87-9
786 3458 821 3523 in
843 3457 937 3523 buius
959 3457 1033 3523 libri
1056 3457 1202 3524 versibus
1226 3459 1354 3522 ssa-5
1378 3454 1492 3521 tradita

354 3561 551 3646 disputabo),
578 3565 632 3625 90.
661 3565 675 3624 1
707 3560 832 3645 spurios
854 3579 927 3626 esee
950 3559 1111 3626 existimo.
1158 3559 1223 3625 Sed
1249 3563 1382 3641 uterque
1405 3558 1492 3623 loeus

354 3665 440 3730 nude
470 3662 608 3742 fluxerit,
639 3664 825 3746 ambiguum
854 3668 915 3728 est.
966 3661 1050 3728 Nam
1074 3665 1127 3727 56.
1153 3667 1170 3725 7
1202 3661 1364 3728 alestorn
1387 3659 1489 3745 pbilo-

353 3766 455 3850 sopbo
478 3766 520 3833 ad
543 3771 648 3831 50-5
672 3765 850 3849 adscriptos
874 3783 946 3830 esse
969 3764 1057 3829 nullo
1078 3769 1269 3848 argumento
1285 3761 1490 3830 refutaveris

353 3872 407 3934 90.
436 3874 451 3933 1
484 3889 560 3936 vero
590 3868 694 3954 potuit
716 3869 812 3935 etium
842 3866 911 3933 fieri
934 3873 969 3932 nt
990 3866 1190 3933 librariorum
1213 3867 1310 3950 eulpa
1332 3886 1373 3932 ex
1396 3869 1447 3930 56.
1474 3868 1490 3926 7

353 3980 588 4058 repeterentur,
615 4009 653 4020 -

440 4075 588 4158 Denique
611 4075 644 4140 in
668 4073 853 4141 memoriam
877 4091 1000 4152 revoco,
1027 4091 1110 4154 quae
1133 4071 1173 4137 de
1195 4069 1344 4136 versibus

760 4178 785 4258 Ι,
814 4178 872 4241 531
899 4183 930 4240 et
952 4175 1007 4254 IV,
1035 4176 1096 4240 672

824 4286 876 4356 (ι-
899 4278 925 4361 Ῑ,
952 4280 1023 4360 429)
