3268 4920
719 448 763 458 ..-
811 411 893 492 [icio
944 449 984 456 -

696 675 1015 778 Epimetrum

343 856 629 924 emendationum
652 857 696 924 ad
720 857 901 924 (lornitleil
924 857 1104 926 rhetorica
1127 857 1373 942 spectantium.

375 1013 469 1080 Com.
487 1013 513 1094 I,
534 1015 564 1096 2,
581 1013 611 1076 3.
653 1013 811 1078 Memoria
834 1021 880 1078 est
889 1014 993 1098 firmo
1015 1013 1115 1078 enimi
1135 1037 1241 1078 rerum
1263 1023 1294 1077 et
1316 1015 1424 1078 cerbo-

288 1137 358 1180 rum
380 1125 411 1180 et
429 1113 643 1200 dispositiones
652 1116 815 1199 perceptio
827 1117 860 1199 ¹).
902 1117 981 1183 Cod.
1000 1141 1017 1180 e
1032 1117 1154 1201 plimac
1168 1117 1311 1183 familiae
1327 1117 1426 1182 habet

288 1241 394 1284 rerum
415 1243 453 1284 ee
475 1219 687 1304 uerterant,
713 1219 784 1285 cod.
811 1224 848 1305 ρ1
864 1241 907 1284 tn.
933 1241 981 1304 pr.
1007 1243 1112 1284 rerem
1127 1223 1303 1298 officiam,
1329 1219 1422 1285 codd.

289 1344 337 1388 ro
358 1344 464 1387 rerum
486 1325 726 1406 uerborumqee3
759 1323 836 1390 item
865 1323 898 1388 in
921 1325 1023 1390 altero
1046 1324 1187 1390 membro
1213 1323 1306 1389 codd.
1333 1324 1425 1389 tel¹

289 1429 348 1492 vo¹
367 1429 437 1514 p²v
458 1426 579 1492 omissa
595 1426 753 1512 particula
769 1427 952 1512 copulativa
967 1427 1124 1512 praebent
1139 1427 1303 1492 cerdonem
1318 1427 1426 1510 diapo-

288 1529 424 1595 aitionia.
470 1528 563 1606 Quod
585 1529 685 1614 igitur
707 1529 834 1596 codices
863 1529 979 1616 partim
1008 1531 1130 1596 nullam
1159 1531 1286 1596 omnino
1309 1531 1424 1615 pantim

290 1631 345 1699 alii
369 1632 466 1698 aliam
489 1632 609 1698 habent
637 1631 852 1716 coniungendi
881 1633 1086 1718 particulam,
1120 1639 1205 1699 vecte
1235 1633 1426 1699 concludere

289 1735 436 1802 videmur
457 1735 497 1801 ab
520 1735 610 1801 initio
633 1736 694 1801 tria
723 1735 781 1802 illa
803 1737 946 1802 membra
976 1737 1068 1802 nulla
1095 1736 1239 1802 adbibita
1269 1736 1426 1821 particula

291 1833 480 1915 ἇσυνϋέτως
503 1839 603 1906 luisse
625 1840 813 1924 composita,
839 1840 1012 1924 particulas
1035 1848 1141 1907 autem
1164 1841 1365 1925 copulativae
1383 1843 1428 1922 (et

290 1965 328 2007 oe
342 1945 415 2026 que)
439 1948 551 2027 postea
572 1941 700 2009 demum
724 1963 797 2010 csse
819 1942 970 2024 insertam
998 1942 1083 2026 quod
1106 1963 1161 2010 eur
1176 1943 1276 2024 fieret,
1303 1965 1341 2010 eo
1357 1965 1427 2010 ma-

291 2045 342 2129 ffl's
364 2063 462 2111 eausa
484 2065 556 2112 esse
579 2045 755 2126 videbatur,
781 2067 843 2130 quo
866 2046 1047 2113 accuratius
1075 2047 1243 2130 genetivus
1274 2045 1426 2113 subiecti-

291 2169 350 2216 vus
373 2148 473 2214 antimi
491 2151 533 2215 ab
555 2149 596 2215 iis
618 2151 847 2234 quisecuntur
869 2151 1028 2234 genetiuis
1051 2151 1217 2216 obiectivis
1240 2151 1428 2234 seiungere-

291 2261 352 2319 tun.
400 2255 468 2320 Hoc
497 2259 603 2319 atatem
632 2253 725 2319 modo
754 2254 788 2318 in
814 2253 975 2320 Cornificii
1003 2253 1093 2319 libris
1124 2253 1299 2338 particulas
1329 2273 1426 2339 saepe

291 2377 364 2424 esse
386 2357 515 2422 additas
539 2363 687 2423 accurate
708 2356 803 2423 docet
824 2358 850 2421 I.
870 2357 990 2437 Simon,
1018 2357 1068 2421 die
1091 2359 1192 2422 Hdac
1219 2359 1274 2422 cler
1294 2357 1359 2422 Re.
1386 2381 1428 2421 eia

293 2465 375 2526 Her.
401 2483 434 2546 p.
452 2461 494 2526 lI.
525 2463 618 2526 1864.
658 2461 792 2528 Accedit
814 2461 898 2544 quod
915 2455 1099 2527 ἀσύνδετον
1121 2461 1225 2546 magis
1249 2483 1289 2528 ex
1312 2468 1427 2527 natura

291 2565 387 2630 totius
410 2563 472 2630 loci
494 2563 620 2631 videtur
642 2585 729 2642 esse;
756 2565 797 2630 ci.
818 2585 901 2647 quae
916 2569 1081 2632 secuntur:
1110 2564 1192 2629 cocis·
1209 2565 1308 2629 celtes
1321 2575 1428 2650 pectus

292 2668 479 2748 moderatim
516 2667 591 2734 item
622 2677 691 2733 erte
719 2668 894 2733 imitatione
931 2667 1161 2733 exercitatione.
1219 2668 1427 2735 Scribendutu

292 2778 341 2838 est
363 2771 461 2852 igitur
472 2798 478 2836 :
490 2771 595 2854 firme
617 2771 717 2835 citimi
729 2793 833 2836 rerum
851 2771 1013 2836 corborum
1029 2771 1241 2856 dispositionis
1250 2773 1424 2856 perceptio.

380 2873 483 2938 Simili
505 2872 545 2939 de
568 2894 667 2940 caiisa
689 2873 786 2940 Corn.
804 2874 847 2954 II,
870 2878 938 2954 i,2
968 2875 1022 2939 ubi
1043 2877 1081 2939 de
1103 2898 1158 2938 see
1180 2875 1328 2958 portibus
1353 2899 1428 2940 oro-

294 2977 386 3042 tionic
410 2976 551 3061 primum
581 2975 716 3042 seribere
745 2977 927 3061 incepimus,
957 2977 1115 3063 particula
1144 2977 1210 3060 ubi,
1243 2997 1338 3061 quam
1368 2977 1428 3044 soli

293 3079 444 3148 exhibent
466 3079 558 3146 codd.
578 3089 619 3146 et
642 3087 756 3166 postca
778 3080 889 3147 addita
912 3089 970 3162 est,
999 3088 1033 3148 ut
1055 3081 1156 3148 antius
1179 3081 1261 3147 inter
1283 3101 1319 3147 se
1341 3080 1426 3148 duae

293 3184 529 3252 enumiationcs
552 3183 831 3269 coniungerentur.
880 3184 1122 3252 Restituendum
1146 3191 1196 3252 est
1223 3183 1322 3269 igitur
1343 3185 1429 3269 quod

294 3308 403 3354 omnes
425 3295 500 3354 ante
523 3287 704 3374 Kayserum
728 3289 883 3376 praebent
905 3288 1083 3356 editiones:
1132 3291 1184 3354 De
1206 3311 1260 3353 aec
1279 3288 1429 3372 pertitus

364 3480 380 3538 ¹)
403 3478 514 3534 Dixerit
531 3477 683 3550 quispiam:
703 3479 760 3535 Cur
778 3497 833 3534 non
851 3479 959 3548 potius:
981 3496 1071 3532 rcrscm
1090 3483 1114 3532 et
1131 3478 1315 3548 dispositionis
1333 3483 1357 3531 et
1373 3495 1431 3530 oer-

293 3567 383 3618 borum
407 3571 520 3620 servato
542 3581 576 3620 eo
601 3580 681 3635 quiem
705 3566 733 3620 ln
758 3565 793 3621 ila
817 3581 888 3635 quac
913 3566 1037 3634 proxime
1059 3563 1230 3634 praecedunt
1254 3565 1344 3618 voluit
1367 3579 1430 3618 asae

293 3650 459 3708 Cornificius
477 3652 583 3717 ordine,
605 3669 667 3706 cum
683 3671 725 3706 rea
737 3653 797 3707 aino
810 3652 898 3707 dubio
909 3653 1068 3721 pertineant
1080 3651 1116 3705 ad
1131 3651 1329 3714 inventionem,
1351 3651 1430 3704 certo

293 3738 329 3794 ad
348 3739 552 3794 elocutionem?
587 3737 641 3793 Sed
662 3739 745 3794 simili
765 3738 847 3794 modo
866 3753 1018 3793 conversae
1037 3736 1259 3792 enumerationes
1278 3736 1341 3790 aliis
1359 3752 1430 3806 quo-

293 3840 347 3896 quc
365 3825 440 3896 apud
459 3822 637 3880 Cornificium
656 3825 725 3879 locis
751 3824 825 3880 haud
849 3825 889 3880 ita
908 3841 970 3879 raro
994 3824 1138 3893 leguntur:
1167 3821 1202 3876 cs.
1223 3821 1245 3888 l,
1268 3825 1307 3887 lt,
1322 3825 1364 3874 23.
1385 3823 1428 3876 it.

293 3911 337 3964 Eo
361 3910 490 3965 dividitur
513 3911 541 3965 io
566 3911 782 3966 necessitudinem
800 3913 946 3980 sentimum
970 3909 1191 3979 importumtatem
1224 3913 1288 3962 tunc
1312 3908 1430 3977 primum

293 3998 362 4053 dicit
380 3998 654 4062 ‹la-necessitudine,
681 3997 783 4052 deiude
802 3999 836 4052 de
855 3997 1057 4066 inprudentia,
1078 4001 1219 4064 postremo
1244 3995 1279 4048 de
1304 3995 1427 4058 fortuna,

293 4085 318 4145 i,
333 4086 374 4147 il,
391 4085 423 4138 53
442 4101 495 4136 nen
512 4083 705 4166 ainexivtueima
726 4083 880 4138 occultandi
900 4088 925 4136 et
947 4081 1186 4155 perficiendique,
1213 4080 1261 4136 ubi
1283 4087 1430 4148 exspectes

289 4173 364 4242 pers.
385 4176 410 4224 oe
427 4189 480 4224 occ.
504 4171 570 4234 (vid.
591 4170 746 4240 Kayserum
765 4171 802 4226 ud
822 4170 849 4224 h.
870 4170 911 4234 l).

361 4257 381 4322 2}
406 4257 448 4311 Ex
466 4256 589 4324 optimae
607 4263 691 4312 notae
710 4257 792 4312 cedd.
811 4255 900 4325 bpa,
924 4271 985 4311 cum
1005 4255 1107 4310 sintin
1126 4255 1206 4309 initio
1224 4254 1365 4316 laeuuoai,
1386 4267 1431 4310 res

292 4341 439 4397 diiudicari
458 4342 564 4412 nequit.
