3262 4926
815 370 1029 430 ..54-

355 552 488 620 rationis
504 559 596 637 parte
612 552 749 638 ponitur,
776 572 886 621 omnes
909 571 961 620 res
984 559 1051 620 tota
1074 559 1191 620 notura
1211 549 1391 620 dissimiles
1407 571 1502 632 esso,

354 654 530 721 dilucidum
553 661 614 722 est.
660 654 744 722 Nam
767 675 827 724 eae
856 655 984 740 quidem
1013 675 1081 738 res,
1120 675 1203 739 quae
1231 653 1344 722 eodem
1376 675 1506 740 genere

354 759 566 842 continentur,
593 767 668 826 sont
689 765 776 828 certe
797 759 880 828 inter
902 779 937 828 sa
960 759 1093 828 similes.
1134 757 1259 826 Deinde
1277 758 1334 841 qui
1350 778 1505 844 sequun-

355 870 406 929 tur
428 881 541 930 versus
568 863 620 946 (Π,
648 864 722 928 723.
741 866 770 947 4)

462 988 524 1030 oon
546 987 606 1051 quo
628 965 730 1030 multo
745 986 865 1047 porum
886 964 985 1030 umus·
1004 965 1069 1030 siut
1084 965 1235 1048 praedito
1246 966 1375 1050 foruna,

462 1071 519 1134 sed
539 1067 615 1154 quia
636 1091 698 1134 uon
720 1069 810 1154 oolpo
826 1069 925 1152 pmio
947 1067 1088 1134 omnibus
1109 1069 1213 1134 mnam
1235 1077 1377 1134 omostout

354 1172 511 1257 quomodo
526 1192 599 1238 oum
614 1172 773 1258 prioribus
788 1172 911 1240 conecti
926 1172 1060 1257 possint,
1080 1190 1179 1256 segre
1194 1172 1367 1257 perspicio.
1409 1173 1500 1240 Nam

354 1276 383 1342 ai
412 1275 512 1340 modia
539 1275 625 1341 idem
654 1275 761 1342 valere
790 1283 887 1358 atquo
914 1276 1031 1342 multae
1053 1297 1104 1341 res
1130 1275 1296 1360 ponimus,
1334 1276 1501 1344 habemus

353 1377 599 1464 repugnantiam
619 1377 845 1462 gravissimam
866 1379 951 1447 iuter
971 1398 1028 1446 eos
1050 1397 1164 1446 versus
1186 1378 1442 1446 intercedentem
1465 1389 1503 1448 at

353 1483 451 1549 verba
474 1482 525 1548 oei
544 1481 594 1546 uti
615 1490 681 1547 toto
701 1491 819 1547 motura
841 1481 1007 1548 dissimiles
1029 1491 1102 1548 suut
1132 1483 1214 1546 iuter
1239 1505 1272 1546 sc
1292 1482 1421 1566 panitae
1444 1507 1514 1560 res,

352 1607 504 1670 quosque.
542 1583 599 1650 Sin
619 1585 755 1652 subiecti
770 1585 977 1651 mutationem
993 1585 1163 1653 statuimus
1181 1585 1428 1668 intolerabilem,
1449 1586 1500 1652 ita

353 1695 387 1754 ut
408 1688 450 1754 ad
473 1688 574 1754 multa
596 1687 794 1771 »princepis«
818 1687 1025 1767 subiciamus,
1050 1707 1114 1754 non
1136 1688 1243 1754 minus
1258 1688 1497 1756 sententiarum

353 1790 536 1858 consecutio
559 1790 701 1872 offendit,
737 1790 765 1857 si
786 1791 1026 1874 coniungimus:
1067 1810 1226 1875 quumque
1249 1811 1316 1857 rom
1340 1791 1499 1859 dissimili

352 1894 455 1978 ligura
476 1893 703 1979 principiomm
726 1900 873 1960 constare
895 1913 1028 1961 necesse
1055 1901 1121 1977 sat,
1152 1893 1228 1977 quia
1253 1895 1381 1961 nullum
1404 1895 1499 1979 prin-

352 1998 471 2083 cipium
493 1997 586 2063 elteri
608 2015 739 2081 prorsus
759 2017 819 2082 par
832 2002 893 2062 est.
934 1996 1017 2062 Nam
1033 1996 1061 2062 si
1076 2017 1141 2064 non
1156 1996 1248 2081 pario
1264 2015 1338 2063 esse
1355 2007 1499 2081 possunt

352 2100 521 2186 principia,
530 2105 565 2166 at
576 2099 695 2164 similia
707 2106 814 2166 temen
825 2097 1317 2183 possuutidqbeipseLucretius
1325 2100 1494 2184 probavit:

458 2204 508 2282 II,
535 2205 598 2266 524
620 2203 703 2268 iuter
724 2223 757 2266 sc
779 2201 879 2266 siusili
899 2223 977 2286 quoe
999 2209 1073 2266 mmt
1088 2203 1238 2288 perfecto
1246 2201 1375 2286 fipurc,

623 2305 748 2389 irpiuito
769 2304 883 2369 cluere.

438 2408 534 2476 Porro
557 2427 670 2475 versus
691 2409 735 2489 11,
762 2411 886 2472 tiu-7

506 2511 625 2576 semina
647 2533 716 2576 cum
735 2531 832 2594 porro
854 2510 980 2588 distent,
1006 2510 1140 2596 differre
1161 2521 1319 2576 necessust

508 2613 675 2678 intervalla
696 2613 764 2678 uias
786 2635 920 2678 conexus
937 2615 1081 2697 pondero
1098 2614 1215 2699 pioque

506 2737 673 2780 concessus
694 2725 797 2782 motus

351 2815 522 2901 conscripti
538 2825 612 2883 sunt
627 2837 667 2884 ex
683 2819 738 2900 IV,
758 2823 832 2884 649.
851 2824 891 2884 50
908 2827 941 2887 et
956 2829 997 2886 ex
1011 2821 1038 2899 1,
1058 2821 1133 2886 633.
1151 2824 1183 2884 4.
1222 2819 1366 2886 Dubium
1381 2827 1496 2887 autem

352 2926 458 3004 potest
478 2937 562 2998 csse,
587 2926 692 2986 utrum
708 2921 751 2987 ad
766 2921 899 3007 Μηνᾶ
914 2931 1072 2986 necessust
1087 2921 1256 2986 interuallo
1271 2922 1338 2986 vrbs
1354 2945 1495 2988 corrosus

346 3023 492 3106 pondero
515 3023 632 3107 plupos
654 3045 821 3088 concursus
842 3032 944 3089 motus
972 3023 1167 3107 cogitatione
1196 3023 1419 3090 subiciendum
1449 3025 1495 3090 sit

346 3124 594 3208 primordiorum
616 3146 658 3192 an
680 3147 795 3190 rerum.
844 3125 909 3192 Sed
932 3125 1000 3192 sive
1023 3125 1084 3192 boo
1107 3124 1176 3192 sivo
1197 3123 1278 3190 illud
1301 3125 1489 3204 statuimus,

352 3246 495 3293 summae
517 3227 724 3294 difficultates
746 3229 898 3294 oriuntur.
940 3228 988 3294 Ao
1011 3226 1148 3311 primum
1162 3226 1292 3310 quidem
1308 3227 1336 3292 si
1351 3228 1492 3310 primor-

350 3328 473 3396 diorum
489 3329 688 3396 differentias
703 3330 839 3414 singulis
856 3330 952 3396 rebus
973 3329 1157 3422 perlustrari
1172 3329 1364 3396 arbitramur
1380 3366 1419 3377 -
1436 3329 1493 3396 id-

350 3452 412 3515 que
435 3453 474 3500 eo
496 3432 634 3498 maxime
656 3433 907 3509 commendatur,
931 3430 1017 3515 quod
1044 3453 1177 3496 conexus
1200 3433 1346 3514 pocadcra
1368 3433 1493 3518 pioque

350 3558 516 3600 concursus
537 3543 638 3599 motus
661 3555 700 3600 ee
722 3543 806 3614 sunt,
833 3558 913 3620 quoe
933 3535 1022 3600 debat
1034 3534 1182 3619 pouimiis
1197 3533 1311 3600 taum
1324 3536 1489 3614 moterim,

345 3661 407 3722 per
429 3661 507 3722 quac
529 3660 581 3703 res
603 3659 743 3723 quosque
763 3645 916 3722 peruritur
944 3637 978 3720 (1,
1005 3639 1142 3718 632-4)
1165 3673 1218 3719 —-,
1244 3637 1384 3722 primum
1406 3638 1491 3706 mire

349 3740 469 3808 dictum
492 3737 546 3819 sit,
569 3741 700 3808 differre
721 3740 894 3806 intervalla
915 3739 1070 3808 seminum
1093 3747 1169 3821 oto,
1196 3760 1267 3808 cum
1290 3759 1331 3806 ea
1345 3739 1487 3806 distent:

350 3864 464 3929 nempe
487 3863 560 3910 oum
582 3850 650 3910 tota
672 3843 796 3910 semina
818 3841 985 3924 different,
1017 3842 1165 3926 singulae
1194 3843 1351 3910 seminum
1375 3851 1491 3929 partes

349 3947 432 4012 inter
453 3945 666 4014 sedifferunt.
705 3943 832 4011 Deinde
847 3943 924 4027 quid
940 3964 979 4012 eo
993 3944 1196 4030 pronuntiato
1213 3944 1359 4025 officitur,
1386 3965 1491 4027 quare

349 4048 507 4134 particule
524 4071 624 4133 porro
652 4047 844 4114 inducetur?
887 4046 1122 4113 Gravissimum
1150 4055 1256 4114 autem
1285 4054 1352 4128 cst,
1383 4047 1486 4130 quod,

350 4151 426 4233 quid
449 4151 514 4218 sint
536 4151 627 4218 »vias
650 4150 807 4217 seminum
816 4175 840 4231 «,
866 4150 994 4216 omnino
1022 4170 1088 4216 non
1115 4157 1261 4235 apparet.
1309 4149 1371 4214 Via
1399 4149 1491 4218 enim

348 4260 453 4338 potest
468 4253 548 4319 duas
565 4253 814 4338 significationes
830 4252 964 4320 babere:
982 4261 1038 4320 aut
1051 4252 1136 4319 idem
1151 4259 1201 4319 est
1216 4259 1311 4336 atque
1326 4252 1487 4329 foramen,
