3268 4920
607 453 649 463 -
697 417 782 500 [esu]
829 452 872 463 -
1248 417 1306 478 ror

172 602 288 669 dixerit
304 604 465 688 pnncipio
488 613 635 683 tractato,
660 605 807 690 equidem
831 605 976 690 suspicor
991 604 1091 671 fuisse
1107 613 1310 688 pertractatu

171 708 365 772 narratione.
413 707 524 774 Altera
553 715 661 776 tamen
693 717 863 796 praeterea
895 715 985 794 patet
1013 708 1067 774 vie
1096 707 1307 774 emendandi:

171 811 258 876 Sene
279 831 355 878 vere
371 811 621 880 eomifieianum
645 821 694 881 est
712 815 891 898 persolvere
917 813 995 896 (lere
1010 843 1051 868 =
1067 813 1234 896 absolvere>
1262 813 1304 892 Π,

171 919 222 994 31,
243 918 284 978 50
315 937 371 979 nee
401 915 573 980 electiores
601 919 646 982 acl
676 918 832 1003 reliquum
860 915 1119 1002 persolvendum:
1160 913 1217 990 ΙΙΙ,
1242 919 1302 994 t,t

169 1025 206 1081 nt
220 1018 321 1082 mmsis
343 1017 528 1083 inveniundi
542 1021 725 1104 praeceptio
750 1020 810 1086 tibi
820 1043 915 1106 qnam
931 1017 1072 1105 peneum
1091 1017 1307 1102 persolue-

170 1129 286 1184 retur
316 1121 434 1204 eodem
458 1141 554 1188 sensu
585 1123 682 1208 paulo
710 1122 796 1190 infre
812 1123 908 1200 ‚dixit
935 1145 1026 1209 qoem
1047 1161 1090 1172 -
1114 1121 1172 1186 uu
1190 1120 1306 1186 librum

170 1223 314 1288 celeriter
343 1225 571 1291 absolutum
598 1227 785 1312 mittemno);
812 1229 866 1310 IV,
890 1231 952 1308 1,1
988 1225 1047 1293 not
1072 1225 1109 1292 id
1128 1227 1212 1311 qnod
1232 1225 1307 1289 reli-

170 1350 264 1411 quum
286 1337 333 1392 est
354 1329 434 1394 ortis
456 1367 498 1378 -
515 1331 806 1414 persolvemus.
854 1330 986 1398 Scribas
1008 1330 1107 1415 igitur
1123 1350 1185 1395 non
1201 1329 1306 1395 miuus

170 1432 395 1516 probabiliter:
416 1435 578 1517 persoluto
600 1435 792 1500 uenatione.

256 1553 350 1619 Corn.
368 1555 394 1630 I,
420 1558 466 1632 to,
488 1558 537 1619 17.
584 1555 828 1620 Enumeratione
851 1564 975 1620 utemur
997 1577 1065 1619 enm
1088 1553 1224 1619 clo'oemne
1245 1577 1305 1618 nn-

169 1677 254 1720 mero
277 1681 327 1720 ree
354 1658 391 1738 (si
414 1657 507 1724 modo
530 1665 617 1724 reete
639 1657 699 1725 hoo
722 1658 928 1744 restituimus)
964 1667 1038 1746 quot
1066 1659 1103 1723 de
1126 1659 1218 1722 rebus
1239 1658 1307 1722 ‹lio-

171 1759 238 1823 tnri
255 1781 383 1836 eumne,·
406 1783 475 1826 eom
493 1761 570 1846 plne
594 1785 686 1847 qeeom
710 1763 804 1827 trium
822 1763 967 1848 pertineo
989 1785 1117 1827 numero
1136 1785 1198 1826 non
1214 1785 1307 1845 opor-

171 1871 213 1926 tet
234 1885 310 1927 esee.
351 1863 509 1949 Displicet
531 1866 612 1932 illud
635 1889 763 1930 numero
785 1866 875 1932 brevi
898 1865 1069 1933 intervallo
1089 1865 1138 1932 bis
1155 1865 1304 1951 positum.

170 1965 216 2030 Ae
239 1965 346 2051 priore
369 1967 498 2050 quidem
521 1969 591 2034 loeo
613 1991 740 2034 numero
770 1990 842 2035 oum
873 1989 965 2036 suem
995 1969 1113 2036 lrabeat
1142 1969 1307 2053 signifiea-

170 2068 299 2150 tionem,
326 2070 428 2135 ultero
451 2071 521 2136 loeo
544 2079 617 2156 post
641 2071 735 2135 tn'nm
754 2071 896 2156 partium
919 2073 1017 2157 plene
1040 2077 1090 2137 est
1111 2090 1308 2157 supervacn-

170 2191 274 2252 neum‚
293 2178 328 2238 ut
342 2172 573 2257 interpretandi
590 2195 689 2240 eausa
704 2194 802 2260 super
813 2175 913 2241 verbe
929 2174 1023 2239 trium
1032 2173 1176 2262 portium
1192 2193 1307 2259 super-

168 2276 321 2360 seriptum
337 2295 409 2343 esse
419 2279 437 2360 ¹)
464 2276 622 2343 videntur.
663 2279 778 2346 Deleto
800 2277 898 2363 igitur
920 2279 1021 2346 altero
1042 2299 1171 2344 numero
1192 2278 1306 2362 legen-

167 2377 243 2445 dum
266 2380 408 2448 oonioio:
433 2404 501 2446 enm
521 2383 596 2466 plne
619 2405 713 2468 qnam
737 2383 832 2447 trium
847 2383 993 2467 portium
1013 2405 1074 2446 non
1089 2391 1211 2467 oportet
1225 2405 1300 2447 esse.

254 2501 349 2568 Corn.
373 2503 416 2582 ΙΙ,
446 2507 502 2583 16,
528 2507 580 2568 23.
628 2503 786 2588 Pnrqntio
816 2513 862 2569 est
893 2526 963 2568 eum
996 2505 1135 2569 consulto
1168 2527 1188 2568 u
1217 2503 1305 2569 nolis

157 2605 288 2688 ⁸suetum
311 2629 468 2690 eunomus.
496 2630 533 2670 eo
556 2606 708 2671 dividitur
730 2607 763 2672 in
786 2607 1038 2672 necessitudinem
1050 2609 1222 2694 fortunam
1245 2607 1309 2670 im·-

163 2709 366 2789 prudentium
392 2759 398 2772 .
421 2759 427 2772 .
450 2760 456 2773 .
479 2711 617 2794 minutum
633 2711 891 2776 considerandum
911 2720 958 2776 est
979 2710 1158 2793 otumenlpn
1180 2719 1304 2774 eentum

166 2809 209 2874 u't
237 2811 270 2874 in
299 2811 556 2878 necessitudinem
580 2823 636 2878 etc.
686 2813 860 2900 Supposite
889 2834 961 2880 esse
991 2835 1031 2880 ee
1060 2834 1144 2898 quae
1177 2821 1306 2880 antece-

164 2913 244 2980 dunt
266 2915 411 2981 ultimam
434 2917 685 2984 enuntiationem
708 2919 806 2984 verbe
829 2919 867 2981 de
889 2916 940 2982 tle
958 2917 1113 3002 partitus
1135 2926 1194 2982 ete.
1220 2925 1304 2984 reete

165 3017 331 3102 perspexit
353 3019 536 3106 Kayserus,
574 3021 632 3087 sed
655 3041 720 3103 qua
740 3021 783 3088 de
808 3041 908 3087 oense
929 3021 990 3088 hoe
1014 3021 1212 3106 potissimum
1235 3022 1304 3087 loeo

165 3121 354 3206 interposite
377 3121 441 3188 sint
464 3143 526 3189 non
551 3123 723 3192 intellexit.
771 3125 889 3191 Deerat
918 3125 1003 3191 enim
1033 3145 1073 3191 ee
1101 3145 1198 3210 quem
1226 3145 1305 3192 nus-

234 3399 251 3461 ¹)
273 3395 311 3452 Ut
329 3399 403 3468 upud
422 3398 616 3464 (tornitieium,
642 3401 684 3456 its
707 3401 781 3471 opud
800 3401 961 3457 Ciceronem
986 3415 1097 3470 quoque
1121 3402 1150 3458 in
1172 3399 1250 3456 tibris
1269 3403 1304 3456 de

164 3483 325 3539 inventione
355 3486 443 3540 multe
472 3487 643 3554 glossemate
674 3487 817 3558 [leyserus
846 3504 862 3542 e
890 3491 968 3543 textu
998 3487 1091 3544 eieeit.
1136 3485 1301 3542 Huiusmodi

163 3569 382 3625 additamentum
410 3571 493 3626 nobis
520 3571 710 3642 investigasse
734 3573 861 3629 videmur
889 3573 951 3628 loeo
981 3571 1046 3628 heo:
1079 3573 1136 3628 inv.
1157 3573 1186 3638 1,
1207 3575 1249 3636 eo,
1269 3575 1302 3624 92

164 3661 191 3709 ut
209 3657 235 3710 sl
253 3657 300 3728 qui
323 3657 419 3710 Ulixen
438 3663 557 3722 oneraret,
579 3659 607 3712 r'n
624 3661 673 3713 loeo
691 3659 805 3714 menime
823 3663 1006 3724 commoretur,
1031 3657 1170 3730 {odientem
1194 3679 1246 3714 esee
1270 3660 1302 3712 nl

162 3741 267 3796 lorrtine
285 3743 455 3813 aunavuetmo
474 3746 558 3798 olnnu
570 3746 753 3813 sortien'nmm
771 3747 882 3800 Aiacem
902 3751 1033 3800 necatum.
1072 3745 1217 3816 Languere
1235 3743 1301 3800 milri

162 3828 274 3883 videtur
292 3844 346 3884 vox
365 3831 484 3885 ellonem.
524 3831 721 3900 Pervuigstum
739 3833 812 3886 enim
831 3839 892 3888 eret
909 3833 984 3900 apud
1002 3830 1130 3888 rhetores
1143 3832 1196 3888 hoe
1208 3847 1302 3887 exem-

161 3915 235 3982 ptum
254 3915 290 3971 eb
308 3915 391 3971 Utine
410 3923 439 3972 et
456 3907 544 3972 Aieee
563 3917 679 3986 petitum
703 3916 746 3982 (el.
768 3919 852 3974 Corn.
874 3919 911 3984 11,
930 3920 969 3984 19,
984 3921 1016 3972 29
1036 3919 1083 3974 ubi
1102 3920 1201 3975 eodem
1219 3918 1302 3974 modo

162 4000 235 4056 Aiax
254 4001 357 4058 dieitur
375 4004 417 4057 eir
428 4003 620 4074 fortissimus),
644 4019 699 4074 qus
721 4005 756 4060 de
774 4021 859 4060 eausa
877 4006 1004 4062 (tioeroni
1022 4005 1135 4062 minime
1153 4019 1224 4076 opus
1241 4011 1301 4060 eret

161 4089 251 4157 ipsum
276 4087 374 4144 Aiacis
397 4104 497 4144 nomen
522 4090 635 4146 undere.
673 4088 794 4145 Aeeedit
818 4093 894 4161 quod
919 4091 1012 4147 deleto
1035 4092 1173 4148 venabulo
1191 4091 1301 4146 Aiacem

161 4172 295 4229 herbernus
318 4174 441 4230 membre
464 4176 520 4232 duo
545 4193 580 4232 er
606 4177 678 4232 binis
703 4176 821 4231 vocibus
845 4177 1002 4232 constantis
1032 4183 1062 4232 et
1087 4177 1196 4234 ehiesto
1220 4193 1301 4248 quem

161 4259 262 4316 Grseei
282 4266 385 4315 vocant
403 4263 500 4317 ordine
519 4261 573 4317 sibi
595 4259 803 4330 respondentis.
842 4263 952 4318 Aetnen
969 4267 1060 4317 ortum
1079 4267 1124 4319 est
1142 4279 1176 4320 ex
1194 4263 1301 4334 glosse-

160 4353 234 4400 mute
259 4361 344 4416 supro
366 4347 452 4402 verbe
473 4348 559 4403 etrum
573 4347 757 4420 fortissimum
779 4347 979 4421 interpretandi
998 4365 1085 4405 eausa
1104 4350 1300 4422 superscripto.
