3280 4934
600 452 640 460 -
689 413 783 496 [161]
831 452 872 461 -
1268 412 1305 476 n

167 615 290 686 νῶτον,
313 606 367 671 nbi
391 629 453 672 τον
477 603 580 672 νότον
599 609 635 683 Β,
658 599 719 673 τὸν
742 615 855 676 νῶτον
886 609 949 688 VP,
972 599 1012 674 τὸ
1037 615 1150 673 νῶτον
1173 614 1244 691 post
1266 599 1306 674 τό

168 735 278 780 rasura
300 735 365 778 una
387 715 496 779 littere
518 714 624 780 deleta
646 717 687 778 Μ
703 715 860 782 exhibent.

256 963 366 1046 Neque
398 963 499 1027 maior
531 984 698 1028 consensus
730 962 977 1045 deprehenditur
1009 967 1092 1031 inter
1119 963 1248 1031 Suidarn
1276 973 1308 1030 et

169 1071 306 1136 codicem
325 1075 362 1149 P,
381 1071 469 1135 cuius
488 1091 568 1155 quoe
587 1071 734 1154 propriae
753 1073 826 1135 sunt
844 1069 940 1136 falsae
958 1093 995 1136 ec
1012 1093 1181 1156 peruersee
1200 1073 1308 1138 lecti'o-

169 1199 223 1242 nes
245 1179 370 1244 omnino
394 1200 456 1243 non
480 1177 680 1262 reperiuntur
702 1178 786 1262 opud
810 1175 940 1242 Suidern
948 1179 984 1266 ¹).

256 1445 322 1510 lam
345 1445 509 1511 uideamus
532 1468 606 1510 num
630 1467 798 1512 consensus
820 1446 905 1511 inter
927 1443 1056 1510 Suidem
1079 1452 1111 1511 et
1128 1447 1309 1513 Venetnm

168 1554 306 1618 codicem
325 1553 519 1638 deprehendi
537 1555 645 1637 possit.
680 1554 783 1637 Atque
806 1559 842 1618 ut
868 1553 1013 1618 omittam
1035 1553 1184 1618 minutias
1203 1555 1309 1620 ortho-

168 1660 474 1744 gre1›hices,quibns
493 1663 527 1726 in
545 1683 582 1726 eo
602 1661 683 1727 libro
702 1662 884 1745 saepissime
901 1665 1066 1745 peccatum
1085 1667 1141 1738 est,
1164 1662 1311 1745 grauiora

168 1789 249 1850 qnae
270 1767 305 1832 V¹
323 1769 453 1851 propria
471 1774 544 1834 sunt
562 1769 643 1834 uitia
661 1767 780 1834 frustra
796 1770 880 1852 apud
901 1768 1032 1834 Suidam
1051 1788 1192 1850 quaeras,
1209 1769 1310 1833 uelut:

257 1874 321 1940 248
350 1870 502 1960 φάλαγγα
533 1875 568 1953 V,
599 1871 752 1960 φάρυγγα
779 1871 925 1960 (φάραγξ
955 1876 987 1940 in
1020 1874 1228 1960 explicatione
1254 1877 1310 1939 ad-

168 1981 250 2067 dite)
274 1981 405 2070 611821
430 1973 474 2066 μὴ
498 1982 619 2048 omissit
648 1983 684 2059 V,
706 1982 805 2048 habet
831 1981 985 2071 6111187
1009 1973 1167 2048 κάκπιεϊν
1197 1981 1233 2059 V,
1255 1983 1311 2046 καὶ

166 2101 258 2152 πιεῖν
281 2087 435 2176 6111363
458 2085 624 2175 κρεμάσας
653 2089 689 2166 V,
712 2085 916 2174 ἐκκρεμάσας
939 2089 969 2154 S.

257 2194 349 2260 Adde
376 2198 458 2279 quod
488 2197 521 2262 in
544 2218 570 2262 u.
597 2197 681 2262 1369
705 2217 763 2280 pro
793 2195 832 2260 1Γι
854 2197 1012 2280 scripture
1038 2188 1190 2282 ὁπλίτης,
1217 2215 1311 2277 quem

166 2309 297 2368 auctore
313 2302 534 2390 Thierschio²)
555 2301 737 2368 Dindorfius
755 2303 932 2370 Meinokius
946 2303 1097 2368 Velseuus
1116 2310 1311 2386 receperunt,

137 2397 282 2476 ”Suides
318 2431 389 2474 oum
426 2411 556 2494 reliquis
592 2410 752 2475 codicibus
785 2402 804 2475 ὁ
835 2411 974 2497 πολίτης
1006 2409 1149 2484 exhibet3
1185 2411 1311 2474 uidetur·

165 2518 266 2601 igitur
297 2519 484 2601 scripturum
518 2508 667 2604 ὁπλίτης,
700 2519 725 2582 si
758 2518 851 2584 modo
878 2517 1052 2601 probabilis
1080 2521 1141 2594 est,
1175 2539 1255 2581 nnus
1286 2515 1316 2580 V

165 2621 306 2688 fideliter
328 2643 479 2688 ευτιυιεευ.

257 2729 316 2796 His
351 2729 466 2812 quibus
503 2729 616 2796 Suidss
652 2752 671 2794 s
710 2729 752 2794 V⁰
786 2730 945 2812 discrepet
976 2751 1071 2796 unum
1103 2730 1206 2794 locum
1238 2730 1312 2794 licet
1354 2805 1358 2820 1

164 2857 327 2920 opponere
355 2857 416 2922 quo
442 2857 552 2902 ueram
579 2838 768 2920 scripturum
792 2858 947 2902 unacum
971 2837 1080 2900 eodem
1104 2837 1250 2902 retinnit:
1279 2837 1311 2900 in

165 2965 192 3010 v.
213 2943 257 3008 56
278 2944 361 3008 enim
381 2955 513 3030 uterque
536 2965 594 3028 pro
612 2934 838 3028 περιδραμών,
862 2945 946 3026 quod
969 2943 1084 3027 reliqui
1107 2943 1229 3008 codices
1248 2943 1311 3007 leui

164 3072 276 3114 erroro
308 3050 470 3128 exhibent,
502 3057 587 3116 recte
613 3042 844 3135 παραδραμών
872 3051 1020 3114 seruauit.
1054 3089 1094 3098 -
1128 3050 1187 3114 His
1214 3050 1313 3133 igitur

164 3159 359 3240 comparetis
391 3157 521 3222 Snidem
553 3179 593 3222 nc
624 3179 695 3222 cum
722 3157 843 3222 Veneto
876 3157 1003 3238 quidem
1034 3157 1154 3221 artiore
1186 3157 1312 3220 uinculo

164 3266 369 3329 coniunctum
392 3285 460 3328 esse
483 3265 687 3329 statuendum
711 3265 779 3328 erit.

257 3531 401 3613 Denique
429 3537 466 3594 nt
493 3529 693 3595 manifestum
721 3528 778 3596 fiat
805 3551 825 3594 a
852 3538 920 3595 toto
950 3531 1002 3595 iilo
1030 3551 1144 3614 genero
1171 3531 1314 3594 codicum

173 3638 382 3704 v-P-Aren
412 3637 527 3703 Snidae
560 3638 700 3738 codicem
732 3659 800 3704 osso
833 3637 1056 3722 separandum,
1088 3642 1122 3702 et
1153 3639 1268 3702 monde
1294 3660 1314 3702 a

167 3817 385 3830 ...-——--——-··

241 3943 259 4003 ’1
283 3938 372 3994 ueluti
395 3941 447 3994 369
467 3935 637 4010 θρανεάεται
658 3938 685 3991 Ρ
702 3935 892 4009 θρανεύσεται
911 3941 929 3995 S
947 3941 957 4009 1
974 3941 1027 3994 399
1051 3933 1270 4010 παραστηκὸτος
1289 3941 1317 3993 Ρ

164 4021 384 4102 παρεστηκότος
403 4029 420 4082 S
438 4029 447 4096 1
465 4031 518 4082 618
537 4025 681 4091 ἐπαιτίους
701 4027 726 4080 Ρ
748 4025 895 4092 ἐπετείους
913 4029 954 4098 Sl!
972 4031 1025 4084 523
1044 4028 1172 4098 ψανίζων
1189 4029 1217 4081 Ρ
1233 4031 1312 4098 ψηνί-

164 4123 223 4189 ζων
236 4123 255 4176 S
269 4121 278 4188 11
292 4120 347 4174 528
361 4119 588 4188 προθελυμίνους
601 4117 628 4170 Ρ
639 4112 857 4188 προθελύμνους
871 4119 889 4174 S
902 4119 912 4188 1
926 4119 976 4172 on
993 4115 1023 4172 δὲ
1038 4135 1109 4172 ποτε
1125 4118 1151 4170 P
1164 4115 1194 4171 δέ
1209 4135 1265 4171 που
1278 4119 1314 4190 611

164 4213 217 4266 662
233 4201 391 4278 κοριάνναν
405 4206 431 4259 P
448 4201 609 4278 κοριάννοις
624 4207 641 4261 S
655 4207 664 4276 11
678 4209 730 4262 693
744 4211 864 4276 μορμῶν
878 4207 905 4260 Ρ
915 4201 1017 4276 μορμὼ
1032 4208 1051 4262 S
1064 4207 1074 4276 1
1088 4207 1140 4260 194
1154 4207 1276 4278 βλίττοις
1290 4208 1317 4260 P

59 4327 60 4332 =
164 4299 287 4370 βλίττεις
310 4297 328 4352 S
347 4296 425 4366 11864
446 4291 635 4366 θηρευόμενοι
656 4295 682 4348 Ρ
705 4291 867 4364 θηρώμενοι
892 4297 1008 4364 61895
1032 4291 1088 4366 γάρ
1111 4287 1192 4360 άξιον
1216 4295 1243 4348 Ρ
1264 4290 1315 4350 τὸν

164 4383 247 4455 ἄξιον
265 4387 393 4456 611039
410 4379 529 4453 χάσκοις
548 4384 575 4436 Ρ
588 4378 697 4454 χάσκῃς
715 4386 743 4440 S.

238 4477 307 4539 'tin
330 4478 401 4528 Actt.
424 4473 507 4527 Acod.
523 4475 622 4530 Bauer.
643 4489 704 4528 ann.
726 4475 825 4528 18351
846 4490 889 4542 pg.
910 4473 971 4527 700.

1138 4565 1154 4615 2
