3304 4928
609 479 651 490 -
699 441 794 525 [219]
842 480 882 490 -

170 637 319 711 ’κοῦντας
344 627 365 721 ἢ
393 625 526 718 ἄρτους,
553 637 610 700 καὶ
639 635 709 701 ἐπι-

172 736 315 806 πάσσειν
335 732 411 806 τινὰ
434 735 708 829 καρυκεύγιαταῆ

174 835 312 932 ἁλμυρά.
343 848 409 912 καὶ
432 845 474 911 ἐκ
497 843 644 913 τούτου
668 842 709 936 ἡ·

174 949 708 1038 ναγκάζοντοπὶνεινπολλά.
749 998 751 1029 .
790 969 899 1020 πιεῖν
925 954 1064 1022 πολλά.

263 1061 321 1126 His
345 1081 502 1146 opponam
524 1062 645 1129 scholia
667 1085 705 1128 ea
728 1046 808 1148 quac
832 1063 926 1128 adh.
950 1065 970 1128 l.
996 1065 1143 1146 legmrtur

349 1169 381 1231 in
411 1167 455 1231 V⁰
469 1171 531 1233 θοι
748 1169 751 1233 1
995 1171 1026 1234 in
1052 1172 1115 1235 R⁰:

174 1265 215 1338 τά
259 1271 557 1358 ἐπιπασσόμενα
604 1272 709 1341 ἔτνει
748 1257 751 1375 i
791 1273 832 1341 τὰ
866 1272 1165 1361 ἑπιπασσόμενα
1196 1277 1325 1362 μέλιτι

174 1373 329 1465 ἄλευρα.
359 1377 474 1458 ἔτνος
497 1383 543 1462 δὲ,
561 1373 603 1470 ἢν
623 1377 708 1448 α’θά-
749 1378 751 1387 ’
791 1377 945 1468 άλευρα.

173 1510 238 1573 ραν
262 1483 386 1572 ἔλεγον.
429 1491 485 1554 καὶ
509 1481 549 1555 τὸ
572 1491 709 1556 πίσινον

174 1591 292 1680 ἕψημα.
335 1586 376 1657 τὰ
401 1594 436 1659 δὲ
461 1589 586 1678 ἄλφιτα
610 1598 709 1684 δημο·

174 1703 229 1790 olgi
264 1695 499 1785 πιπράσκεται.
556 1699 637 1780 ἔθος
674 1705 707 1769 δὲ
749 1690 751 1733 t
951 1686 1075 1770 reliqua
1097 1707 1159 1751 ”⁰¹¹

174 1801 264 1890 εἶχον
297 1820 409 1873 ποιεῖν
441 1813 656 1887 πλακοῦντας
689 1804 709 1897 ἢ
749 1772 751 1921 i
910 1795 1059 1878 leguntur
1082 1793 1114 1858 in
1138 1793 1199 1858 Ψ·

174 1907 299 1998 ἄρτους
322 1915 379 1979 καὶ
408 1910 606 1981 ἐπιτάσσειν
633 1909 709 1982 τινά
749 1928 751 2013 η

175 2016 411 2114 καρυκεύματα
435 2013 573 2106 ἁλμυρά.
748 2028 751 2106 l

263 2127 401 2193 Zonaras
434 2129 532 2212 igitur
563 2129 624 2194 hoc
655 2128 807 2195 scholium
831 2135 864 2194 et
896 2131 1005 2196 eodem
1042 2131 1137 2194 modo
1170 2131 1325 2206 uitiatum,

174 2233 294 2298 scilicet
326 2235 464 2300 admisso
497 2231 625 2320 σώματι
657 2258 715 2320 pro
746 2235 853 2320 μέλιτι
883 2273 923 2282 -
952 2237 984 2300 iu
1016 2237 1059 2302 V⁰
1081 2239 1126 2299 6⁰
1150 2236 1213 2300 alio
1246 2235 1325 2301 uitio

174 2335 261 2404 ἔτνει
284 2363 323 2405 ex
346 2342 453 2407 uerbis
475 2341 679 2425 sequentibus
698 2343 828 2424 irrepsit
853 2379 892 2389 -
917 2347 950 2406 ct
969 2341 1079 2405 eodem
1099 2341 1192 2406 modo
1211 2341 1243 2406 in
1262 2340 1325 2405 fine

174 2452 302 2511 auctum
327 2447 428 2512 tradit
455 2455 551 2532 atque
575 2449 701 2526 Suidas3
734 2451 798 2514 iam
825 2469 896 2512 cum
923 2448 1024 2532 magis
1051 2447 1199 2513 uitiatam
1226 2449 1325 2532 scrip-

174 2559 279 2618 turam
312 2551 584 2638 ἐπιπλασσόμενα
616 2556 758 2621 codicum
790 2554 846 2618 AV
875 2551 992 2618 Suidae
1029 2554 1167 2620 Zonaras
1201 2575 1324 2638 quoque

174 2659 405 2739 subministret,
432 2668 566 2746 apparet
593 2685 630 2727 ex
658 2662 764 2727 codice
790 2661 898 2744 aliquo
912 2661 1061 2745 ‚Suidano
1084 2662 1142 2727 AV
1165 2659 1325 2726 simillimo

174 2767 315 2832 Zonaras
339 2769 516 2833 doctrinam
540 2766 675 2833 fluxisse.

265 2873 356 2938 Addo
384 2876 560 2959 complures
583 2875 735 2959 Equitum
759 2874 856 2950 locos,
885 2872 1000 2958 quibus
1028 2874 1069 2939 ad
1098 2873 1230 2939 uerbum
1258 2873 1324 2937 llere

175 2979 314 3045 Zonaras
332 3001 402 3046 cum
420 2979 519 3046 Suida
541 2982 712 3057 consentit,
735 2981 880 3064 quamuis
906 2982 937 3044 in
959 2981 1086 3046 scholiis
1102 2979 1325 3062 Aristophanis

175 3087 284 3150 eodem
308 3087 359 3152 uel
382 3087 498 3152 similia
520 3109 583 3152 non
607 3091 724 3163 extent,
747 3087 847 3152 ueluti
870 3087 912 3152 ad
935 3086 1041 3171 Equit.
1066 3109 1092 3150 v.
1115 3087 1191 3152 105:

421 3193 461 3258 S:
914 3194 1052 3259 Zonaras
1076 3193 1091 3257 Ι
1115 3194 1193 3258 606:

174 3295 707 3385 Zlsxdvagovi'vosioomapoo-
789 3292 993 3384 Ἐγκανάξαι.
1048 3299 1236 3377 ἐνσεῖσαι,
1273 3298 1323 3382 ἐγ-

175 3405 303 3490 ένιγκι,
332 3403 460 3490 ἔγχεον,
491 3408 707 3492 πεποίηται
787 3404 867 3489 χέαι.
914 3405 1129 3492 πεποίηται
1153 3398 1323 3491 δὲῆλέ·

175 3511 214 3577 δὲ
242 3505 263 3598 ἡ
290 3513 402 3594 λέξις.
458 3505 706 3598 Ἀριστοφάνης·
790 3519 854 3592 ξις.
888 3505 1137 3598 Ἀριστοφάνης·
1165 3505 1231 3576 Ἴθι
1260 3519 1323 3575 νῦν

179 3612 248 3683 Ἴθι
272 3627 334 3682 νῦν
354 3613 503 3704 άκρατον
522 3614 708 3704 ἐγκάναξόν
790 3611 939 3704 άκρατον
964 3613 1150 3704 ἐγκάναξόν
1177 3641 1233 3701 μοι
1261 3641 1324 3683 πο-

173 3747 230 3809 μοι
248 3722 367 3792 πολύν.
407 3723 576 3791 ἕλκυσον
596 3721 709 3810 ἐκρό-
790 3720 860 3789 λύν.
891 3721 1062 3789 ἕλκυσον
1082 3720 1324 3812 ἐκρόφησον,

174 3851 318 3917 φησον,
342 3829 462 3897 ἔκπιε.
791 3828 909 3896 ἔκαιε.

263 3939 314 4004 Ad
343 3961 368 4005 r.
395 3939 459 4003 152
487 3961 507 4004 a
529 3938 629 4004 Suida
657 3943 689 4002 at
716 3961 736 4003 a
763 3937 1073 4003 Zonara1683in
1100 3935 1162 4001 fine
1189 3937 1323 4002 adnota-

174 4044 270 4109 tionis
293 4045 335 4110 ad
358 4046 578 4130 explicandam
601 4066 710 4110 uocem
734 4037 826 4121 ἐλεὸς
852 4045 997 4109 additum
1026 4048 1087 4108 est:
1112 4039 1264 4109 ...ἔστι
1289 4043 1324 4108 δὲ

175 4142 266 4227 ἐλεὸς
289 4152 345 4216 καὶ
370 4147 458 4230 εἶδος
481 4144 612 4238 ὀρνέου.

264 4256 313 4321 Ad
333 4279 360 4322 v.
383 4259 447 4324 182
465 4279 484 4323 a
503 4259 602 4325 Suida
624 4279 647 4322 s.
666 4257 706 4339 gl.
734 4249 828 4338 Ἀξιοῦ
847 4262 880 4322 et
898 4279 918 4323 a
934 4257 1057 4322 Zonara
1077 4257 1091 4322 1
1111 4258 1176 4322 230
1198 4265 1327 4340 praeter

174 4363 327 4430 scholium
346 4366 489 4430 codicum
508 4363 812 4448 Aristophaneorum
831 4364 910 4430 haee
931 4363 1116 4430 traduntur:
1141 4365 1324 4450 σημαίνει

174 4469 214 4534 dl
237 4471 303 4534 καὶ
327 4463 370 4534 τὸ
396 4466 570 4536 isseretio).

749 1670 751 1679 ι
