<?xml version="1.0" encoding="UTF-8"?>
<!DOCTYPE html PUBLIC "-//W3C//DTD XHTML 1.0 Transitional//EN"
    "http://www.w3.org/TR/xhtml1/DTD/xhtml1-transitional.dtd">
<html xmlns="http://www.w3.org/1999/xhtml" xml:lang="en" lang="en">
 <head>
  <title>
</title>
<meta http-equiv="Content-Type" content="text/html;charset=utf-8" />
  <meta name='ocr-system' content='tesseract 3.04.00' />
  <meta name='ocr-capabilities' content='ocr_page ocr_carea ocr_par ocr_line ocrx_word'/>
</head>
<body>
  <div class='ocr_page' id='page_1' title='image "./dissertationesp01stragoog_0265.png"; bbox 0 0 3304 4928; ppageno 0'>
   <div class='ocr_carea' id='block_1_1' title="bbox 333 431 1033 520">
    <p class='ocr_par' dir='ltr' id='par_1_1' title="bbox 333 431 1033 520">
     <span class='ocr_line' id='line_1_1' title="bbox 333 431 1033 520; baseline 0.004 -25"><span class='ocrx_word' id='word_1_1' title='bbox 333 431 373 496; x_wconf 78' lang='grc' dir='ltr'>ιο</span> <span class='ocrx_word' id='word_1_2' title='bbox 764 473 802 481; x_wconf 91' lang='grc'>-</span> <span class='ocrx_word' id='word_1_3' title='bbox 851 435 947 520; x_wconf 82' lang='lat' dir='ltr'>[roe]</span> <span class='ocrx_word' id='word_1_4' title='bbox 995 473 1033 482; x_wconf 82' lang='grc'>-</span> 
     </span>
    </p>
   </div>
   <div class='ocr_carea' id='block_1_2' title="bbox 326 627 1474 1994">
    <p class='ocr_par' dir='ltr' id='par_1_2' title="bbox 327 627 1474 1566">
     <span class='ocr_line' id='line_1_2' title="bbox 329 627 1474 715; baseline 0.003 -25"><span class='ocrx_word' id='word_1_5' title='bbox 329 627 383 691; x_wconf 93' lang='lat' dir='ltr'>ubi</span> <span class='ocrx_word' id='word_1_6' title='bbox 407 630 511 712; x_wconf 85' lang='lat' dir='ltr'>plures</span> <span class='ocrx_word' id='word_1_7' title='bbox 536 630 684 693; x_wconf 86' lang='lat' dir='ltr'>enotandi</span> <span class='ocrx_word' id='word_1_8' title='bbox 707 629 844 708; x_wconf 88' lang='lat' dir='ltr'>fuerunt,</span> <span class='ocrx_word' id='word_1_9' title='bbox 871 653 908 696; x_wconf 89' lang='lat' dir='ltr'>ac</span> <span class='ocrx_word' id='word_1_10' title='bbox 930 633 1098 715; x_wconf 78' lang='lat' dir='ltr'>praecipue</span> <span class='ocrx_word' id='word_1_11' title='bbox 1121 631 1154 694; x_wconf 91' lang='lat' dir='ltr'>in</span> <span class='ocrx_word' id='word_1_12' title='bbox 1177 632 1280 714; x_wconf 85' lang='lat' dir='ltr'>capite</span> <span class='ocrx_word' id='word_1_13' title='bbox 1303 631 1343 694; x_wconf 91' lang='lat' dir='ltr'>de</span> <span class='ocrx_word' id='word_1_14' title='bbox 1365 629 1474 694; x_wconf 91' lang='lat' dir='ltr'>ortho-</span> 
     </span>
     <span class='ocr_line' id='line_1_3' title="bbox 328 735 1473 820; baseline 0 -21"><span class='ocrx_word' id='word_1_15' title='bbox 328 735 461 819; x_wconf 84' lang='lat' dir='ltr'>graphia</span> <span class='ocrx_word' id='word_1_16' title='bbox 484 735 553 820; x_wconf 89' lang='lat' dir='ltr'>(ubi</span> <span class='ocrx_word' id='word_1_17' title='bbox 578 737 608 800; x_wconf 95' lang='lat' dir='ltr'>in</span> <span class='ocrx_word' id='word_1_18' title='bbox 633 737 745 802; x_wconf 85' lang='lat' dir='ltr'>indicis</span> <span class='ocrx_word' id='word_1_19' title='bbox 764 745 912 802; x_wconf 84' lang='lat' dir='ltr'>contextu</span> <span class='ocrx_word' id='word_1_20' title='bbox 932 739 1034 802; x_wconf 90' lang='lat' dir='ltr'>solum</span> <span class='ocrx_word' id='word_1_21' title='bbox 1046 737 1118 802; x_wconf 73' lang='lat' dir='ltr'>lere</span> <span class='ocrx_word' id='word_1_22' title='bbox 1136 737 1338 803; x_wconf 86' lang='lat' dir='ltr'>Brambaohii</span> <span class='ocrx_word' id='word_1_23' title='bbox 1356 736 1473 800; x_wconf 91' lang='lat' dir='ltr'>librum</span> 
     </span>
     <span class='ocr_line' id='line_1_4' title="bbox 328 843 1474 928; baseline 0 -21"><span class='ocrx_word' id='word_1_24' title='bbox 328 845 479 920; x_wconf 75' lang='lat' dir='ltr'>minorem</span> <span class='ocrx_word' id='word_1_25' title='bbox 502 844 621 928; x_wconf 83' lang='lat' dir='ltr'>citavi),</span> <span class='ocrx_word' id='word_1_26' title='bbox 643 843 815 908; x_wconf 78' lang='lat' dir='ltr'>sub¹textu</span> <span class='ocrx_word' id='word_1_27' title='bbox 839 846 871 908; x_wconf 90' lang='lat' dir='ltr'>in</span> <span class='ocrx_word' id='word_1_28' title='bbox 895 844 1153 910; x_wconf 86' lang='lat' dir='ltr'>adnotationibus</span> <span class='ocrx_word' id='word_1_29' title='bbox 1175 845 1279 928; x_wconf 87' lang='lat' dir='ltr'>posui;</span> <span class='ocrx_word' id='word_1_30' title='bbox 1303 846 1334 908; x_wconf 90' lang='lat' dir='ltr'>in</span> <span class='ocrx_word' id='word_1_31' title='bbox 1357 844 1474 927; x_wconf 86' lang='lat' dir='ltr'>quibus</span> 
     </span>
     <span class='ocr_line' id='line_1_5' title="bbox 328 952 1473 1033; baseline 0.002 -19"><span class='ocrx_word' id='word_1_32' title='bbox 328 971 414 1027; x_wconf 86' lang='lat' dir='ltr'>care,</span> <span class='ocrx_word' id='word_1_33' title='bbox 441 972 572 1033; x_wconf 89' lang='lat' dir='ltr'>quaeso,</span> <span class='ocrx_word' id='word_1_34' title='bbox 596 952 742 1033; x_wconf 80' lang='lat' dir='ltr'>neglegas</span> <span class='ocrx_word' id='word_1_35' title='bbox 765 973 855 1018; x_wconf 85' lang='lat' dir='ltr'>voees</span> <span class='ocrx_word' id='word_1_36' title='bbox 878 954 1017 1033; x_wconf 80' lang='lat' dir='ltr'>saepiae,</span> <span class='ocrx_word' id='word_1_37' title='bbox 1041 972 1129 1028; x_wconf 85' lang='lat' dir='ltr'>raro,</span> <span class='ocrx_word' id='word_1_38' title='bbox 1152 952 1320 1028; x_wconf 82' lang='lat' dir='ltr'>interdum,</span> <span class='ocrx_word' id='word_1_39' title='bbox 1343 952 1473 1027; x_wconf 69' lang='lat' dir='ltr'>similea</span> 
     </span>
     <span class='ocr_line' id='line_1_6' title="bbox 328 1057 1473 1141; baseline 0.001 -20"><span class='ocrx_word' id='word_1_40' title='bbox 328 1057 440 1140; x_wconf 87' lang='lat' dir='ltr'>quibus</span> <span class='ocrx_word' id='word_1_41' title='bbox 473 1059 512 1122; x_wconf 86' lang='lat' dir='ltr'>de</span> <span class='ocrx_word' id='word_1_42' title='bbox 544 1059 656 1122; x_wconf 89' lang='lat' dir='ltr'>ceteris</span> <span class='ocrx_word' id='word_1_43' title='bbox 689 1057 837 1141; x_wconf 81' lang='lat' dir='ltr'>Corporis</span> <span class='ocrx_word' id='word_1_44' title='bbox 868 1057 1078 1124; x_wconf 85' lang='lat' dir='ltr'>voluminibus</span> <span class='ocrx_word' id='word_1_45' title='bbox 1110 1066 1142 1123; x_wconf 89' lang='lat' dir='ltr'>et</span> <span class='ocrx_word' id='word_1_46' title='bbox 1174 1059 1213 1123; x_wconf 89' lang='lat' dir='ltr'>de</span> <span class='ocrx_word' id='word_1_47' title='bbox 1245 1059 1335 1123; x_wconf 89' lang='lat' dir='ltr'>libris</span> <span class='ocrx_word' id='word_1_48' title='bbox 1362 1079 1473 1122; x_wconf 90' lang='lat' dir='ltr'>manu-</span> 
     </span>
     <span class='ocr_line' id='line_1_7' title="bbox 327 1163 1472 1250; baseline 0 -22"><span class='ocrx_word' id='word_1_49' title='bbox 327 1164 452 1247; x_wconf 81' lang='lat' dir='ltr'>scriptis</span> <span class='ocrx_word' id='word_1_50' title='bbox 476 1163 615 1230; x_wconf 85' lang='lat' dir='ltr'>referons</span> <span class='ocrx_word' id='word_1_51' title='bbox 638 1186 732 1249; x_wconf 87' lang='lat' dir='ltr'>saepo</span> <span class='ocrx_word' id='word_1_52' title='bbox 754 1186 829 1230; x_wconf 90' lang='lat' dir='ltr'>usus</span> <span class='ocrx_word' id='word_1_53' title='bbox 852 1188 930 1243; x_wconf 87' lang='lat' dir='ltr'>sum,</span> <span class='ocrx_word' id='word_1_54' title='bbox 952 1167 1052 1250; x_wconf 87' lang='lat' dir='ltr'>magis</span> <span class='ocrx_word' id='word_1_55' title='bbox 1074 1167 1213 1231; x_wconf 85' lang='lat' dir='ltr'>minusve</span> <span class='ocrx_word' id='word_1_56' title='bbox 1237 1187 1275 1230; x_wconf 87' lang='lat' dir='ltr'>ex</span> <span class='ocrx_word' id='word_1_57' title='bbox 1293 1187 1362 1230; x_wconf 90' lang='lat' dir='ltr'>meo</span> <span class='ocrx_word' id='word_1_58' title='bbox 1385 1163 1472 1230; x_wconf 88' lang='lat' dir='ltr'>arbi-</span> 
     </span>
     <span class='ocr_line' id='line_1_8' title="bbox 327 1270 1472 1353; baseline 0.001 -19"><span class='ocrx_word' id='word_1_59' title='bbox 327 1270 388 1334; x_wconf 89' lang='lat' dir='ltr'>trio</span> <span class='ocrx_word' id='word_1_60' title='bbox 420 1271 570 1353; x_wconf 89' lang='lat' dir='ltr'>pendero,</span> <span class='ocrx_word' id='word_1_61' title='bbox 601 1293 672 1337; x_wconf 92' lang='lat' dir='ltr'>cnm</span> <span class='ocrx_word' id='word_1_62' title='bbox 703 1272 830 1338; x_wconf 92' lang='lat' dir='ltr'>illorum</span> <span class='ocrx_word' id='word_1_63' title='bbox 862 1273 981 1338; x_wconf 80' lang='lat' dir='ltr'>indices</span> <span class='ocrx_word' id='word_1_64' title='bbox 1010 1273 1076 1338; x_wconf 85' lang='lat' dir='ltr'>fere</span> <span class='ocrx_word' id='word_1_65' title='bbox 1102 1277 1282 1339; x_wconf 80' lang='lat' dir='ltr'>constanter</span> <span class='ocrx_word' id='word_1_66' title='bbox 1309 1273 1342 1337; x_wconf 94' lang='lat' dir='ltr'>id</span> <span class='ocrx_word' id='word_1_67' title='bbox 1369 1272 1472 1336; x_wconf 88' lang='lat' dir='ltr'>solum</span> 
     </span>
     <span class='ocr_line' id='line_1_9' title="bbox 327 1379 1472 1464; baseline 0.003 -24"><span class='ocrx_word' id='word_1_68' title='bbox 327 1385 582 1455; x_wconf 90' lang='lat' dir='ltr'>commemorent,</span> <span class='ocrx_word' id='word_1_69' title='bbox 610 1380 692 1464; x_wconf 91' lang='lat' dir='ltr'>quod</span> <span class='ocrx_word' id='word_1_70' title='bbox 721 1386 832 1445; x_wconf 82' lang='lat' dir='ltr'>contra</span> <span class='ocrx_word' id='word_1_71' title='bbox 859 1381 1000 1464; x_wconf 89' lang='lat' dir='ltr'>regulam</span> <span class='ocrx_word' id='word_1_72' title='bbox 1029 1379 1078 1458; x_wconf 85' lang='lat' dir='ltr'>fit,</span> <span class='ocrx_word' id='word_1_73' title='bbox 1106 1403 1168 1445; x_wconf 92' lang='lat' dir='ltr'>non</span> <span class='ocrx_word' id='word_1_74' title='bbox 1196 1381 1280 1464; x_wconf 90' lang='lat' dir='ltr'>quod</span> <span class='ocrx_word' id='word_1_75' title='bbox 1309 1381 1398 1444; x_wconf 86' lang='lat' dir='ltr'>iuxta</span> <span class='ocrx_word' id='word_1_76' title='bbox 1420 1401 1472 1443; x_wconf 92' lang='lat' dir='ltr'>re-</span> 
     </span>
     <span class='ocr_line' id='line_1_10' title="bbox 327 1484 441 1566; baseline 0.009 -18"><span class='ocrx_word' id='word_1_77' title='bbox 327 1484 441 1566; x_wconf 88' lang='lat' dir='ltr'>gulam.</span> 
     </span>
    </p>

    <p class='ocr_par' dir='ltr' id='par_1_3' title="bbox 326 1592 1472 1994">
     <span class='ocr_line' id='line_1_11' title="bbox 414 1592 1472 1679; baseline 0.002 -23"><span class='ocrx_word' id='word_1_78' title='bbox 414 1592 558 1678; x_wconf 90' lang='lat' dir='ltr'>Denique</span> <span class='ocrx_word' id='word_1_79' title='bbox 586 1594 618 1658; x_wconf 93' lang='lat' dir='ltr'>in</span> <span class='ocrx_word' id='word_1_80' title='bbox 646 1601 736 1678; x_wconf 89' lang='lat' dir='ltr'>parte</span> <span class='ocrx_word' id='word_1_81' title='bbox 764 1594 1008 1679; x_wconf 83' lang='lat' dir='ltr'>orthographica</span> <span class='ocrx_word' id='word_1_82' title='bbox 1036 1617 1146 1661; x_wconf 90' lang='lat' dir='ltr'>moneo</span> <span class='ocrx_word' id='word_1_83' title='bbox 1178 1617 1242 1671; x_wconf 91' lang='lat' dir='ltr'>me,</span> <span class='ocrx_word' id='word_1_84' title='bbox 1274 1595 1332 1658; x_wconf 85' lang='lat' dir='ltr'>nisi</span> <span class='ocrx_word' id='word_1_85' title='bbox 1365 1599 1472 1658; x_wconf 83' lang='lat' dir='ltr'>certae</span> 
     </span>
     <span class='ocr_line' id='line_1_12' title="bbox 327 1697 1472 1778; baseline 0 -14"><span class='ocrx_word' id='word_1_86' title='bbox 327 1697 490 1764; x_wconf 83' lang='lat' dir='ltr'>obstarent</span> <span class='ocrx_word' id='word_1_87' title='bbox 518 1721 643 1778; x_wconf 88' lang='lat' dir='ltr'>causae,</span> <span class='ocrx_word' id='word_1_88' title='bbox 670 1701 897 1766; x_wconf 85' lang='lat' dir='ltr'>nominativum</span> <span class='ocrx_word' id='word_1_89' title='bbox 923 1703 971 1766; x_wconf 88' lang='lat' dir='ltr'>vel</span> <span class='ocrx_word' id='word_1_90' title='bbox 1000 1701 1188 1767; x_wconf 83' lang='lat' dir='ltr'>infinitivum</span> <span class='ocrx_word' id='word_1_91' title='bbox 1216 1704 1341 1776; x_wconf 85' lang='lat' dir='ltr'>citasse,</span> <span class='ocrx_word' id='word_1_92' title='bbox 1370 1707 1403 1766; x_wconf 89' lang='lat' dir='ltr'>et</span> <span class='ocrx_word' id='word_1_93' title='bbox 1431 1701 1472 1764; x_wconf 91' lang='lat' dir='ltr'>de</span> 
     </span>
     <span class='ocr_line' id='line_1_13' title="bbox 326 1805 1472 1893; baseline 0.003 -25"><span class='ocrx_word' id='word_1_94' title='bbox 326 1805 488 1870; x_wconf 85' lang='lat' dir='ltr'>adiectivis</span> <span class='ocrx_word' id='word_1_95' title='bbox 511 1812 544 1870; x_wconf 89' lang='lat' dir='ltr'>et</span> <span class='ocrx_word' id='word_1_96' title='bbox 566 1807 744 1874; x_wconf 89' lang='lat' dir='ltr'>nominibus</span> <span class='ocrx_word' id='word_1_97' title='bbox 767 1809 911 1893; x_wconf 88' lang='lat' dir='ltr'>propriis,</span> <span class='ocrx_word' id='word_1_98' title='bbox 939 1809 999 1874; x_wconf 84' lang='lat' dir='ltr'>nisi</span> <span class='ocrx_word' id='word_1_99' title='bbox 1023 1811 1090 1875; x_wconf 87' lang='lat' dir='ltr'>sola</span> <span class='ocrx_word' id='word_1_100' title='bbox 1113 1815 1289 1876; x_wconf 86' lang='lat' dir='ltr'>occurreret</span> <span class='ocrx_word' id='word_1_101' title='bbox 1311 1809 1344 1871; x_wconf 90' lang='lat' dir='ltr'>in</span> <span class='ocrx_word' id='word_1_102' title='bbox 1368 1807 1472 1872; x_wconf 85' lang='lat' dir='ltr'>titulis</span> 
     </span>
     <span class='ocr_line' id='line_1_14' title="bbox 326 1911 1000 1994; baseline 0.009 -19"><span class='ocrx_word' id='word_1_103' title='bbox 326 1911 427 1976; x_wconf 88' lang='lat' dir='ltr'>forma</span> <span class='ocrx_word' id='word_1_104' title='bbox 449 1912 609 1994; x_wconf 88' lang='lat' dir='ltr'>feminina,</span> <span class='ocrx_word' id='word_1_105' title='bbox 632 1913 765 1981; x_wconf 82' lang='lat' dir='ltr'>formam</span> <span class='ocrx_word' id='word_1_106' title='bbox 787 1915 1000 1983; x_wconf 79' lang='lat' dir='ltr'>masculinam.</span> 
     </span>
    </p>
   </div>
   <div class='ocr_carea' id='block_1_3' title="bbox 790 2188 1000 2198">
    <p class='ocr_par' dir='ltr' id='par_1_4' title="bbox 790 2188 1000 2198">
     <span class='ocr_line' id='line_1_15' title="bbox 790 2188 1000 2198; baseline 0 0"><span class='ocrx_word' id='word_1_107' title='bbox 790 2188 1000 2198; x_wconf 56' lang='grc' dir='ltr'>...η-...κμ-</span> 
     </span>
    </p>
   </div>
   <div class='ocr_carea' id='block_1_4' title="bbox 664 2413 1197 2530">
    <p class='ocr_par' dir='ltr' id='par_1_5' title="bbox 664 2413 1197 2530">
     <span class='ocr_line' id='line_1_16' title="bbox 664 2413 1197 2530; baseline 0 -48"><span class='ocrx_word' id='word_1_108' title='bbox 664 2413 867 2482; x_wconf 80' lang='lat' dir='ltr'>notarum</span> <span class='ocrx_word' id='word_1_109' title='bbox 894 2413 1126 2495; x_wconf 83' lang='lat' dir='ltr'>explicatio.</span> <span class='ocrx_word' id='word_1_110' title='bbox 1192 2519 1197 2530; x_wconf 90' lang='lat'><strong>.</strong></span> 
     </span>
    </p>
   </div>
   <div class='ocr_carea' id='block_1_5' title="bbox 323 2595 1470 3901">
    <p class='ocr_par' dir='ltr' id='par_1_6' title="bbox 323 2595 931 2667">
     <span class='ocr_line' id='line_1_17' title="bbox 323 2595 931 2667; baseline 0.002 -18"><span class='ocrx_word' id='word_1_111' title='bbox 323 2595 354 2649; x_wconf 86' lang='grc' dir='ltr'>Ε.</span> <span class='ocrx_word' id='word_1_112' title='bbox 375 2614 401 2662; x_wconf 87' lang='lat' dir='ltr'>g.</span> <span class='ocrx_word' id='word_1_113' title='bbox 429 2599 480 2652; x_wconf 89' lang='grc'>811</span> <span class='ocrx_word' id='word_1_114' title='bbox 502 2624 535 2642; x_wconf 84' lang='lat'><strong><em>=</em></strong></span> <span class='ocrx_word' id='word_1_115' title='bbox 555 2598 651 2651; x_wconf 84' lang='lat' dir='ltr'>titulus</span> <span class='ocrx_word' id='word_1_116' title='bbox 671 2597 799 2666; x_wconf 86' lang='lat' dir='ltr'>privatim</span> <span class='ocrx_word' id='word_1_117' title='bbox 820 2597 931 2667; x_wconf 86' lang='lat' dir='ltr'>positus.</span> 
     </span>
    </p>

    <p class='ocr_par' dir='ltr' id='par_1_7' title="bbox 343 2673 701 2756">
     <span class='ocr_line' id='line_1_18' title="bbox 343 2673 701 2756; baseline 0.006 -17"><span class='ocrx_word' id='word_1_118' title='bbox 343 2673 382 2740; x_wconf 71' lang='lat' dir='ltr'>hl</span> <span class='ocrx_word' id='word_1_119' title='bbox 397 2713 430 2730; x_wconf 82' lang='lat'>---</span> <span class='ocrx_word' id='word_1_120' title='bbox 450 2688 546 2741; x_wconf 88' lang='lat' dir='ltr'>titulus</span> <span class='ocrx_word' id='word_1_121' title='bbox 566 2686 701 2756; x_wconf 89' lang='lat' dir='ltr'>publicus.</span> 
     </span>
    </p>

    <p class='ocr_par' dir='ltr' id='par_1_8' title="bbox 323 2775 687 2830">
     <span class='ocr_line' id='line_1_19' title="bbox 323 2775 687 2830; baseline 0.008 -4"><span class='ocrx_word' id='word_1_122' title='bbox 323 2777 375 2828; x_wconf 71' lang='lat'>858</span> <span class='ocrx_word' id='word_1_123' title='bbox 395 2801 428 2818; x_wconf 92' lang='lat'><strong><em>=</em></strong></span> <span class='ocrx_word' id='word_1_124' title='bbox 449 2775 545 2830; x_wconf 79' lang='lat' dir='ltr'>titulus</span> <span class='ocrx_word' id='word_1_125' title='bbox 564 2775 687 2830; x_wconf 85' lang='lat' dir='ltr'>sacralis.</span> 
     </span>
    </p>

    <p class='ocr_par' dir='ltr' id='par_1_9' title="bbox 324 2864 762 2928">
     <span class='ocr_line' id='line_1_20' title="bbox 324 2864 762 2928; baseline 0.007 -12"><span class='ocrx_word' id='word_1_126' title='bbox 324 2866 398 2928; x_wconf 60' lang='lat' dir='ltr'>45st</span> <span class='ocrx_word' id='word_1_127' title='bbox 418 2890 451 2908; x_wconf 90' lang='lat'><strong><em>=</em></strong></span> <span class='ocrx_word' id='word_1_128' title='bbox 471 2865 567 2919; x_wconf 86' lang='lat' dir='ltr'>titulus</span> <span class='ocrx_word' id='word_1_129' title='bbox 587 2864 762 2920; x_wconf 85' lang='lat' dir='ltr'>christianus.</span> 
     </span>
    </p>

    <p class='ocr_par' dir='ltr' id='par_1_10' title="bbox 323 2953 918 3022">
     <span class='ocr_line' id='line_1_21' title="bbox 323 2953 918 3022; baseline 0.012 -17"><span class='ocrx_word' id='word_1_130' title='bbox 323 2953 416 3016; x_wconf 61' lang='lat' dir='ltr'>‘litlot</span> <span class='ocrx_word' id='word_1_131' title='bbox 435 2979 468 2996; x_wconf 88' lang='lat'>=</span> <span class='ocrx_word' id='word_1_132' title='bbox 489 2953 584 3008; x_wconf 87' lang='lat' dir='ltr'>titulus</span> <span class='ocrx_word' id='word_1_133' title='bbox 604 2955 734 3010; x_wconf 84' lang='lat' dir='ltr'>metricus</span> <span class='ocrx_word' id='word_1_134' title='bbox 753 2959 918 3022; x_wconf 54' lang='lat' dir='ltr'>(sarmenta</span> 
     </span>
    </p>

    <p class='ocr_par' dir='ltr' id='par_1_11' title="bbox 324 3043 1469 3204">
     <span class='ocr_line' id='line_1_22' title="bbox 324 3043 1469 3113; baseline 0 -17"><span class='ocrx_word' id='word_1_135' title='bbox 324 3043 420 3105; x_wconf 75' lang='lat' dir='ltr'>elenu</span> <span class='ocrx_word' id='word_1_136' title='bbox 442 3069 473 3085; x_wconf 82' lang='lat'><strong><em>=</em></strong></span> <span class='ocrx_word' id='word_1_137' title='bbox 495 3043 603 3108; x_wconf 85' lang='lat' dir='ltr'>titulus,</span> <span class='ocrx_word' id='word_1_138' title='bbox 629 3045 687 3113; x_wconf 81' lang='lat' dir='ltr'>qui.</span> <span class='ocrx_word' id='word_1_139' title='bbox 713 3047 765 3099; x_wconf 84' lang='lat' dir='ltr'>etsi</span> <span class='ocrx_word' id='word_1_140' title='bbox 785 3055 900 3100; x_wconf 83' lang='lat' dir='ltr'>metrum</span> <span class='ocrx_word' id='word_1_141' title='bbox 920 3063 972 3100; x_wconf 88' lang='lat' dir='ltr'>uon</span> <span class='ocrx_word' id='word_1_142' title='bbox 993 3045 1160 3112; x_wconf 81' lang='lat' dir='ltr'>assequitur,</span> <span class='ocrx_word' id='word_1_143' title='bbox 1185 3053 1275 3097; x_wconf 86' lang='lat' dir='ltr'>tamen</span> <span class='ocrx_word' id='word_1_144' title='bbox 1294 3059 1469 3097; x_wconf 82' lang='lat' dir='ltr'>numerosam</span> 
     </span>
     <span class='ocr_line' id='line_1_23' title="bbox 394 3131 1382 3204; baseline 0.001 -21"><span class='ocrx_word' id='word_1_145' title='bbox 394 3131 507 3185; x_wconf 78' lang='lat' dir='ltr'>exhibet</span> <span class='ocrx_word' id='word_1_146' title='bbox 527 3133 686 3200; x_wconf 86' lang='lat' dir='ltr'>orationem,</span> <span class='ocrx_word' id='word_1_147' title='bbox 707 3135 741 3188; x_wconf 87' lang='lat' dir='ltr'>de</span> <span class='ocrx_word' id='word_1_148' title='bbox 763 3151 817 3204; x_wconf 88' lang='lat' dir='ltr'>qua</span> <span class='ocrx_word' id='word_1_149' title='bbox 835 3135 867 3190; x_wconf 87' lang='lat' dir='ltr'>cf.</span> <span class='ocrx_word' id='word_1_150' title='bbox 889 3135 1057 3190; x_wconf 84' lang='lat' dir='ltr'>Studemmnl</span> <span class='ocrx_word' id='word_1_151' title='bbox 1077 3135 1111 3187; x_wconf 71' lang='lat' dir='ltr'>acl</span> <span class='ocrx_word' id='word_1_152' title='bbox 1132 3133 1185 3186; x_wconf 85' lang='lat' dir='ltr'>titt.</span> <span class='ocrx_word' id='word_1_153' title='bbox 1206 3132 1382 3194; x_wconf 51' lang='lat' dir='ltr'>eie—eim</span> 
     </span>
    </p>

    <p class='ocr_par' dir='ltr' id='par_1_12' title="bbox 341 3221 1470 3901">
     <span class='ocr_line' id='line_1_24' title="bbox 341 3221 1470 3292; baseline 0.001 -19"><span class='ocrx_word' id='word_1_154' title='bbox 341 3221 396 3274; x_wconf 78' lang='lat'>78*</span> <span class='ocrx_word' id='word_1_155' title='bbox 415 3247 448 3264; x_wconf 82' lang='lat'>=</span> <span class='ocrx_word' id='word_1_156' title='bbox 468 3221 572 3286; x_wconf 81' lang='lat' dir='ltr'>titulus,</span> <span class='ocrx_word' id='word_1_157' title='bbox 593 3223 639 3290; x_wconf 91' lang='lat' dir='ltr'>qui</span> <span class='ocrx_word' id='word_1_158' title='bbox 659 3241 749 3292; x_wconf 87' lang='lat' dir='ltr'>noque</span> <span class='ocrx_word' id='word_1_159' title='bbox 769 3239 785 3277; x_wconf 87' lang='lat' dir='ltr'>a</span> <span class='ocrx_word' id='word_1_160' title='bbox 804 3223 986 3278; x_wconf 82' lang='lat' dir='ltr'>Wilmanoeio</span> <span class='ocrx_word' id='word_1_161' title='bbox 1005 3239 1094 3292; x_wconf 91' lang='lat' dir='ltr'>neque</span> <span class='ocrx_word' id='word_1_162' title='bbox 1114 3223 1149 3276; x_wconf 90' lang='lat' dir='ltr'>ab</span> <span class='ocrx_word' id='word_1_163' title='bbox 1168 3222 1306 3288; x_wconf 80' lang='lat' dir='ltr'>Entiogia</span> <span class='ocrx_word' id='word_1_164' title='bbox 1326 3222 1470 3286; x_wconf 77' lang='lat' dir='ltr'>Hemone,</span> 
     </span>
     <span class='ocr_line' id='line_1_25' title="bbox 394 3309 1469 3380; baseline 0.003 -17"><span class='ocrx_word' id='word_1_165' title='bbox 394 3309 591 3378; x_wconf 79' lang='lat' dir='ltr'>llirschfelrlio,</span> <span class='ocrx_word' id='word_1_166' title='bbox 611 3313 766 3376; x_wconf 77' lang='lat' dir='ltr'>Huelinera</span> <span class='ocrx_word' id='word_1_167' title='bbox 787 3313 964 3376; x_wconf 79' lang='lat' dir='ltr'>Mommsena</span> <span class='ocrx_word' id='word_1_168' title='bbox 984 3312 1103 3366; x_wconf 86' lang='lat' dir='ltr'>Reoiero</span> <span class='ocrx_word' id='word_1_169' title='bbox 1122 3312 1276 3380; x_wconf 86' lang='lat' dir='ltr'>descriptus</span> <span class='ocrx_word' id='word_1_170' title='bbox 1291 3311 1334 3364; x_wconf 82' lang='lat' dir='ltr'>vel</span> <span class='ocrx_word' id='word_1_171' title='bbox 1349 3311 1469 3366; x_wconf 85' lang='lat' dir='ltr'>collatus</span> 
     </span>
     <span class='ocr_line' id='line_1_26' title="bbox 393 3400 1467 3466; baseline 0.002 -13"><span class='ocrx_word' id='word_1_172' title='bbox 393 3407 443 3462; x_wconf 87' lang='lat' dir='ltr'>est,</span> <span class='ocrx_word' id='word_1_173' title='bbox 459 3400 507 3454; x_wconf 90' lang='lat' dir='ltr'>sed</span> <span class='ocrx_word' id='word_1_174' title='bbox 518 3402 552 3454; x_wconf 89' lang='lat' dir='ltr'>ab</span> <span class='ocrx_word' id='word_1_175' title='bbox 563 3403 719 3456; x_wconf 85' lang='lat' dir='ltr'>auctoribus</span> <span class='ocrx_word' id='word_1_176' title='bbox 730 3401 819 3456; x_wconf 82' lang='lat' dir='ltr'>minus</span> <span class='ocrx_word' id='word_1_177' title='bbox 830 3409 923 3456; x_wconf 85' lang='lat' dir='ltr'>certae</span> <span class='ocrx_word' id='word_1_178' title='bbox 933 3401 1007 3466; x_wconf 85' lang='lat' dir='ltr'>fidei,</span> <span class='ocrx_word' id='word_1_179' title='bbox 1023 3400 1107 3456; x_wconf 81' lang='lat' dir='ltr'>veluti</span> <span class='ocrx_word' id='word_1_180' title='bbox 1118 3417 1135 3455; x_wconf 85' lang='lat' dir='ltr'>a</span> <span class='ocrx_word' id='word_1_181' title='bbox 1146 3400 1285 3462; x_wconf 78' lang='lat' dir='ltr'>Gueriuia</span> <span class='ocrx_word' id='word_1_182' title='bbox 1296 3400 1467 3466; x_wconf 83' lang='lat' dir='ltr'>Pellissiero,</span> 
     </span>
     <span class='ocr_line' id='line_1_27' title="bbox 394 3488 1469 3560; baseline 0.002 -18"><span class='ocrx_word' id='word_1_183' title='bbox 394 3488 555 3544; x_wconf 85' lang='lat' dir='ltr'>Ximeneaio</span> <span class='ocrx_word' id='word_1_184' title='bbox 571 3491 702 3556; x_wconf 62' lang='lat' dir='ltr'>traditum</span> <span class='ocrx_word' id='word_1_185' title='bbox 722 3491 745 3544; x_wconf 84' lang='lat' dir='ltr'>si</span> <span class='ocrx_word' id='word_1_186' title='bbox 765 3492 871 3560; x_wconf 81' lang='lat' dir='ltr'>signum</span> <span class='ocrx_word' id='word_1_187' title='bbox 892 3491 906 3520; x_wconf 76' lang='grc'><strong><em>*</em></strong></span> <span class='ocrx_word' id='word_1_188' title='bbox 920 3497 982 3560; x_wconf 86' lang='lat' dir='ltr'>post</span> <span class='ocrx_word' id='word_1_189' title='bbox 1001 3490 1132 3544; x_wconf 82' lang='lat' dir='ltr'>minorem</span> <span class='ocrx_word' id='word_1_190' title='bbox 1153 3488 1259 3544; x_wconf 81' lang='lat' dir='ltr'>nrrmeri</span> <span class='ocrx_word' id='word_1_191' title='bbox 1278 3497 1369 3542; x_wconf 84' lang='lat' dir='ltr'>notarn</span> <span class='ocrx_word' id='word_1_192' title='bbox 1388 3490 1469 3544; x_wconf 85' lang='lat' dir='ltr'>addi-</span> 
     </span>
     <span class='ocr_line' id='line_1_28' title="bbox 393 3578 1469 3648; baseline 0.002 -18"><span class='ocrx_word' id='word_1_193' title='bbox 393 3585 445 3642; x_wconf 89' lang='lat' dir='ltr'>tur,</span> <span class='ocrx_word' id='word_1_194' title='bbox 469 3596 522 3632; x_wconf 93' lang='lat' dir='ltr'>non</span> <span class='ocrx_word' id='word_1_195' title='bbox 543 3579 743 3644; x_wconf 75' lang='lat' dir='ltr'>minutianus,</span> <span class='ocrx_word' id='word_1_196' title='bbox 769 3580 1000 3645; x_wconf 73' lang='lat' dir='ltr'>schismatum,</span> <span class='ocrx_word' id='word_1_197' title='bbox 1025 3580 1071 3648; x_wconf 90' lang='lat' dir='ltr'>qui</span> <span class='ocrx_word' id='word_1_198' title='bbox 1092 3579 1214 3642; x_wconf 84' lang='lat' dir='ltr'>affertur,</span> <span class='ocrx_word' id='word_1_199' title='bbox 1235 3578 1309 3632; x_wconf 87' lang='lat' dir='ltr'>locus</span> <span class='ocrx_word' id='word_1_200' title='bbox 1328 3587 1377 3632; x_wconf 89' lang='lat' dir='ltr'>aut</span> <span class='ocrx_word' id='word_1_201' title='bbox 1396 3579 1469 3632; x_wconf 89' lang='lat' dir='ltr'>Wil-</span> 
     </span>
     <span class='ocr_line' id='line_1_29' title="bbox 394 3667 1470 3737; baseline 0.002 -17"><span class='ocrx_word' id='word_1_202' title='bbox 394 3668 512 3721; x_wconf 87' lang='lat' dir='ltr'>mannsii</span> <span class='ocrx_word' id='word_1_203' title='bbox 527 3675 574 3722; x_wconf 84' lang='lat' dir='ltr'>aut</span> <span class='ocrx_word' id='word_1_204' title='bbox 589 3677 740 3722; x_wconf 84' lang='lat' dir='ltr'>ceterorum</span> <span class='ocrx_word' id='word_1_205' title='bbox 757 3669 922 3723; x_wconf 89' lang='lat' dir='ltr'>auctoritate</span> <span class='ocrx_word' id='word_1_206' title='bbox 938 3675 1013 3737; x_wconf 81' lang='lat' dir='ltr'>eget3</span> <span class='ocrx_word' id='word_1_207' title='bbox 1029 3667 1157 3722; x_wconf 87' lang='lat' dir='ltr'>similiter</span> <span class='ocrx_word' id='word_1_208' title='bbox 1173 3671 1206 3734; x_wconf 71' lang='lat' dir='ltr'>(cl</span> <span class='ocrx_word' id='word_1_209' title='bbox 1218 3675 1245 3721; x_wconf 84' lang='lat' dir='ltr'>et</span> <span class='ocrx_word' id='word_1_210' title='bbox 1255 3676 1292 3734; x_wconf 81' lang='lat' dir='ltr'>(nt</span> <span class='ocrx_word' id='word_1_211' title='bbox 1304 3667 1470 3735; x_wconf 82' lang='lat' dir='ltr'>compendia</span> 
     </span>
     <span class='ocr_line' id='line_1_30' title="bbox 392 3756 1470 3825; baseline 0.003 -16"><span class='ocrx_word' id='word_1_212' title='bbox 392 3756 519 3810; x_wconf 82' lang='lat' dir='ltr'>adhibita</span> <span class='ocrx_word' id='word_1_213' title='bbox 534 3765 607 3824; x_wconf 85' lang='lat' dir='ltr'>sunt;</span> <span class='ocrx_word' id='word_1_214' title='bbox 627 3758 715 3811; x_wconf 87' lang='lat' dir='ltr'>maior</span> <span class='ocrx_word' id='word_1_215' title='bbox 730 3757 803 3812; x_wconf 88' lang='lat' dir='ltr'>enim</span> <span class='ocrx_word' id='word_1_216' title='bbox 818 3767 882 3812; x_wconf 87' lang='lat' dir='ltr'>nota</span> <span class='ocrx_word' id='word_1_217' title='bbox 898 3757 1003 3812; x_wconf 87' lang='lat' dir='ltr'>numeri</span> <span class='ocrx_word' id='word_1_218' title='bbox 1019 3757 1124 3811; x_wconf 82' lang='lat' dir='ltr'>indicat</span> <span class='ocrx_word' id='word_1_219' title='bbox 1139 3757 1250 3810; x_wconf 88' lang='lat' dir='ltr'>titulum</span> <span class='ocrx_word' id='word_1_220' title='bbox 1264 3757 1362 3825; x_wconf 89' lang='lat' dir='ltr'>ipsum,</span> <span class='ocrx_word' id='word_1_221' title='bbox 1379 3757 1470 3813; x_wconf 93' lang='lat' dir='ltr'>minor</span> 
     </span>
     <span class='ocr_line' id='line_1_31' title="bbox 395 3861 511 3901; baseline 0.009 -3"><span class='ocrx_word' id='word_1_222' title='bbox 395 3861 511 3901; x_wconf 85' lang='lat' dir='ltr'>versum.</span> 
     </span>
    </p>
   </div>
   <div class='ocr_carea' id='block_1_6' title="bbox 322 3977 534 3984">
    <p class='ocr_par' dir='ltr' id='par_1_13' title="bbox 322 3977 534 3984">
     <span class='ocr_line' id='line_1_32' title="bbox 322 3977 534 3984; baseline 0 0"><span class='ocrx_word' id='word_1_223' title='bbox 322 3977 534 3984; x_wconf 50' lang='lat' dir='ltr'>»u-——n-—u-</span> 
     </span>
    </p>
   </div>
   <div class='ocr_carea' id='block_1_7' title="bbox 321 4029 1468 4560">
    <p class='ocr_par' dir='ltr' id='par_1_14' title="bbox 321 4029 1468 4381">
     <span class='ocr_line' id='line_1_33' title="bbox 413 4029 1468 4110; baseline -0.001 -13"><span class='ocrx_word' id='word_1_224' title='bbox 413 4045 432 4108; x_wconf 77' lang='lat'>¹)</span> <span class='ocrx_word' id='word_1_225' title='bbox 450 4042 557 4098; x_wconf 82' lang='lat' dir='ltr'>Titulos</span> <span class='ocrx_word' id='word_1_226' title='bbox 576 4045 675 4110; x_wconf 72' lang='lat' dir='ltr'>isaei.</span> <span class='ocrx_word' id='word_1_227' title='bbox 694 4045 796 4110; x_wconf 76' lang='lat' dir='ltr'>aaa).</span> <span class='ocrx_word' id='word_1_228' title='bbox 817 4045 984 4110; x_wconf 76' lang='lat' dir='ltr'>san-uo.</span> <span class='ocrx_word' id='word_1_229' title='bbox 1005 4043 1151 4110; x_wconf 51' lang='lat' dir='ltr'>certina.</span> <span class='ocrx_word' id='word_1_230' title='bbox 1173 4029 1282 4109; x_wconf 59' lang='lat' dir='ltr'>noire)</span> <span class='ocrx_word' id='word_1_231' title='bbox 1301 4049 1330 4096; x_wconf 75' lang='lat' dir='ltr'>a</span> <span class='ocrx_word' id='word_1_232' title='bbox 1348 4041 1468 4096; x_wconf 72' lang='lat' dir='ltr'>rorasse</span> 
     </span>
     <span class='ocr_line' id='line_1_34' title="bbox 321 4130 1468 4202; baseline -0.001 -15"><span class='ocrx_word' id='word_1_233' title='bbox 321 4132 434 4200; x_wconf 77' lang='lat' dir='ltr'>369(c)*</span> <span class='ocrx_word' id='word_1_234' title='bbox 458 4140 506 4186; x_wconf 87' lang='lat' dir='ltr'>aut</span> <span class='ocrx_word' id='word_1_235' title='bbox 529 4138 600 4186; x_wconf 83' lang='lat' dir='ltr'>totos</span> <span class='ocrx_word' id='word_1_236' title='bbox 619 4139 667 4186; x_wconf 87' lang='lat' dir='ltr'>aut</span> <span class='ocrx_word' id='word_1_237' title='bbox 686 4149 719 4188; x_wconf 86' lang='lat' dir='ltr'>en</span> <span class='ocrx_word' id='word_1_238' title='bbox 739 4140 819 4202; x_wconf 85' lang='lat' dir='ltr'>parte</span> <span class='ocrx_word' id='word_1_239' title='bbox 838 4137 902 4200; x_wconf 76' lang='lat' dir='ltr'>(non</span> <span class='ocrx_word' id='word_1_240' title='bbox 921 4149 1000 4187; x_wconf 85' lang='lat' dir='ltr'>secus</span> <span class='ocrx_word' id='word_1_241' title='bbox 1019 4140 1104 4202; x_wconf 84' lang='lat' dir='ltr'>atque</span> <span class='ocrx_word' id='word_1_242' title='bbox 1123 4131 1233 4186; x_wconf 85' lang='lat' dir='ltr'>titulum</span> <span class='ocrx_word' id='word_1_243' title='bbox 1252 4130 1366 4186; x_wconf 85' lang='lat' dir='ltr'>Renieri</span> <span class='ocrx_word' id='word_1_244' title='bbox 1385 4132 1468 4198; x_wconf 73' lang='lat'>2074)</span> 
     </span>
     <span class='ocr_line' id='line_1_35' title="bbox 322 4220 1467 4292; baseline 0 -16"><span class='ocrx_word' id='word_1_245' title='bbox 322 4221 418 4276; x_wconf 88' lang='lat' dir='ltr'>eodem</span> <span class='ocrx_word' id='word_1_246' title='bbox 442 4221 500 4275; x_wconf 85' lang='lat' dir='ltr'>fere</span> <span class='ocrx_word' id='word_1_247' title='bbox 525 4221 666 4276; x_wconf 86' lang='lat' dir='ltr'>doctrinae</span> <span class='ocrx_word' id='word_1_248' title='bbox 691 4223 823 4277; x_wconf 82' lang='lat' dir='ltr'>metricae</span> <span class='ocrx_word' id='word_1_249' title='bbox 842 4237 944 4292; x_wconf 88' lang='lat' dir='ltr'>genere</span> <span class='ocrx_word' id='word_1_250' title='bbox 964 4221 1122 4290; x_wconf 87' lang='lat' dir='ltr'>compositis</span> <span class='ocrx_word' id='word_1_251' title='bbox 1142 4220 1309 4276; x_wconf 81' lang='lat' dir='ltr'>hexametris</span> <span class='ocrx_word' id='word_1_252' title='bbox 1329 4226 1467 4285; x_wconf 81' lang='lat' dir='ltr'>constare,</span> 
     </span>
     <span class='ocr_line' id='line_1_36' title="bbox 323 4309 1340 4381; baseline 0.003 -18"><span class='ocrx_word' id='word_1_253' title='bbox 323 4325 375 4378; x_wconf 93' lang='lat' dir='ltr'>quo</span> <span class='ocrx_word' id='word_1_254' title='bbox 395 4325 456 4364; x_wconf 87' lang='lat' dir='ltr'>eum</span> <span class='ocrx_word' id='word_1_255' title='bbox 476 4309 525 4364; x_wconf 86' lang='lat' dir='ltr'>alii</span> <span class='ocrx_word' id='word_1_256' title='bbox 545 4317 601 4364; x_wconf 91' lang='lat' dir='ltr'>tum</span> <span class='ocrx_word' id='word_1_257' title='bbox 621 4312 830 4367; x_wconf 83' lang='lat' dir='ltr'>Commodianus</span> <span class='ocrx_word' id='word_1_258' title='bbox 850 4311 891 4366; x_wconf 88' lang='lat' dir='ltr'>usi</span> <span class='ocrx_word' id='word_1_259' title='bbox 911 4319 981 4378; x_wconf 86' lang='lat' dir='ltr'>sunt,</span> <span class='ocrx_word' id='word_1_260' title='bbox 1001 4311 1146 4381; x_wconf 82' lang='lat' dir='ltr'>perspexit</span> <span class='ocrx_word' id='word_1_261' title='bbox 1164 4311 1340 4366; x_wconf 78' lang='lat' dir='ltr'>studemund.</span> 
     </span>
    </p>

    <p class='ocr_par' dir='ltr' id='par_1_15' title="bbox 322 4391 1467 4560">
     <span class='ocr_line' id='line_1_37' title="bbox 412 4391 1467 4470; baseline 0.001 -17"><span class='ocrx_word' id='word_1_262' title='bbox 412 4401 433 4460; x_wconf 77' lang='lat'>²)</span> <span class='ocrx_word' id='word_1_263' title='bbox 452 4399 559 4454; x_wconf 84' lang='lat' dir='ltr'>Titulos</span> <span class='ocrx_word' id='word_1_264' title='bbox 578 4401 637 4454; x_wconf 74' lang='lat'>724.</span> <span class='ocrx_word' id='word_1_265' title='bbox 658 4391 716 4455; x_wconf 76' lang='grc'>758.</span> <span class='ocrx_word' id='word_1_266' title='bbox 738 4401 798 4465; x_wconf 75' lang='grc'>702,</span> <span class='ocrx_word' id='word_1_267' title='bbox 818 4407 846 4454; x_wconf 85' lang='lat' dir='ltr'>et</span> <span class='ocrx_word' id='word_1_268' title='bbox 865 4401 888 4454; x_wconf 87' lang='lat' dir='ltr'>si</span> <span class='ocrx_word' id='word_1_269' title='bbox 908 4402 955 4470; x_wconf 89' lang='lat' dir='ltr'>qui</span> <span class='ocrx_word' id='word_1_270' title='bbox 974 4401 1080 4456; x_wconf 80' lang='lat' dir='ltr'>similes</span> <span class='ocrx_word' id='word_1_271' title='bbox 1098 4408 1170 4466; x_wconf 78' lang='lat' dir='ltr'>sunt,</span> <span class='ocrx_word' id='word_1_272' title='bbox 1190 4415 1354 4470; x_wconf 85' lang='lat' dir='ltr'>quamquam</span> <span class='ocrx_word' id='word_1_273' title='bbox 1370 4398 1467 4469; x_wconf 84' lang='lat' dir='ltr'>aliqua</span> 
     </span>
     <span class='ocr_line' id='line_1_38' title="bbox 322 4487 1466 4560; baseline 0 -16"><span class='ocrx_word' id='word_1_274' title='bbox 322 4503 482 4544; x_wconf 86' lang='lat' dir='ltr'>numerosae</span> <span class='ocrx_word' id='word_1_275' title='bbox 502 4487 632 4544; x_wconf 82' lang='lat' dir='ltr'>orationis</span> <span class='ocrx_word' id='word_1_276' title='bbox 651 4490 759 4559; x_wconf 85' lang='lat' dir='ltr'>species</span> <span class='ocrx_word' id='word_1_277' title='bbox 778 4489 806 4543; x_wconf 90' lang='lat' dir='ltr'>in</span> <span class='ocrx_word' id='word_1_278' title='bbox 825 4489 860 4545; x_wconf 83' lang='lat' dir='ltr'>iis</span> <span class='ocrx_word' id='word_1_279' title='bbox 879 4490 958 4558; x_wconf 83' lang='lat' dir='ltr'>inest,</span> <span class='ocrx_word' id='word_1_280' title='bbox 979 4499 1070 4547; x_wconf 84' lang='lat' dir='ltr'>tamen</span> <span class='ocrx_word' id='word_1_281' title='bbox 1090 4497 1126 4559; x_wconf 80' lang='lat' dir='ltr'>(n)</span> <span class='ocrx_word' id='word_1_282' title='bbox 1141 4491 1219 4560; x_wconf 82' lang='lat' dir='ltr'>signo</span> <span class='ocrx_word' id='word_1_283' title='bbox 1233 4488 1365 4559; x_wconf 80' lang='lat' dir='ltr'>insignire</span> <span class='ocrx_word' id='word_1_284' title='bbox 1379 4487 1466 4544; x_wconf 88' lang='lat' dir='ltr'>nolui.</span> 
     </span>
    </p>
   </div>
   <div class='ocr_carea' id='block_1_8' title="bbox 0 0 1656 4928">
    <p class='ocr_par' dir='ltr' id='par_1_16' title="bbox 0 0 1656 4928">
     <span class='ocr_line' id='line_1_39' title="bbox 0 0 1656 4928; baseline 0 2"><span class='ocrx_word' id='word_1_285' title='bbox 0 0 1656 4928; x_wconf 95' lang='lat' dir='ltr'> </span> 
     </span>
    </p>
   </div>
  </div>
 </body>
</html>
