3304 4922
353 378 395 439 4ο
788 407 831 418 -
878 374 962 455 [124]
1009 408 1053 418 —

353 558 432 638 τοὺς
459 557 665 648 Ἀθηναίους
690 612 696 625 .
726 611 732 624 .
760 611 767 624 .
800 569 866 626 τίον
887 561 950 642 μὲν
978 548 1106 646 μικρῶν
1134 557 1273 626 πόλεων
1303 554 1514 647 ὡσπερανεὶ

354 661 530 752 κτημάτων
542 663 736 750 φείδεσθαι,
752 662 831 741 τοὺς
847 664 884 731 δὲ
900 663 1097 749 συμμάχους
1109 657 1243 752 (εὐνοίᾳ
1257 664 1513 755 edd.Wolfinn)

354 792 389 833 τε
417 771 462 853 [γε
485 767 589 848 00de
618 768 676 832 καὶ
698 761 903 852 εὐεργεσίαις
926 772 1117 853 πειρᾶσθαι
1138 771 1304 850 κατέχειν,
1343 761 1443 833 ἀλλὰ
1466 767 1510 854 μί,

353 883 428 948 ταῖς
445 865 607 954 ἀνάγκαις
628 869 713 958 μηδὲ
736 882 810 948 ταῖς
831 875 933 953 βίαις·
960 877 1026 936 τῶν
1048 870 1085 936 δὲ
1108 869 1290 956 προγόνων
1308 877 1513 954 μιμεῖσθαι

353 971 398 1062 μὴ
422 971 500 1051 τοὺς
523 970 590 1060 πρὸ
614 981 681 1040 τῶν
702 975 910 1040 Δεκελεικῶν
931 978 1131 1059 γενομένους
1157 975 1228 1038 κτλ.
1275 976 1331 1040 Ita
1345 975 1395 1056 M,
1425 997 1510 1060 quo-

354 1097 425 1143 oum
441 1077 488 1141 1³¹
510 1077 666 1160 congruit,
693 1077 756 1143 nisi
771 1076 857 1160 quod
878 1097 935 1162 pro
958 1084 1024 1143 τῶν
1041 1077 1078 1141 δὲ
1094 1074 1276 1162 προγόνων
1291 1077 1319 1142 F
1333 1083 1341 1122 ¹
1367 1079 1512 1144 exhibet

354 1186 420 1244 τῶν
442 1176 622 1265 προγόνων
644 1179 726 1247 falso
749 1180 868 1246 omissa
888 1181 1048 1265 particula
1069 1179 1117 1245 δέ.
1163 1181 1232 1244 Iam
1256 1179 1334 1246 vide
1358 1181 1446 1264 qnid
1464 1183 1512 1246 F²

354 1282 529 1347 effinxerit:
571 1286 721 1347 πείθει.
750 1333 757 1344 .
785 1331 791 1344 .
819 1287 1011 1368 πειρᾶσθαι
1039 1287 1201 1364 κατέχειν,
1240 1276 1328 1346 ἀλλὰ
1352 1281 1405 1370 μὴ
1432 1298 1511 1362 ταῖς

355 1379 533 1470 ἀνάγκαις,
566 1384 650 1471 μηδὲ
679 1382 754 1462 τὰς
783 1390 883 1468 βίας
913 1392 979 1451 τῶν
1008 1382 1187 1470 προγόνων
1217 1391 1427 1468 μιμεῖσθαι·
1463 1386 1508 1474 μί,

354 1486 432 1565 τοάς
465 1484 532 1574 πρὸ
567 1494 633 1554 τῶν
662 1489 868 1554 Δεκελεικῶν
901 1493 1102 1573 γενομένους
1131 1488 1200 1552 κτλ.
1259 1489 1393 1574 Aperta
1432 1512 1512 1575 pro-

355 1591 438 1658 feoto
468 1591 673 1676 interpolatio
700 1599 749 1658 est
771 1598 804 1658 et
825 1612 909 1674 quae
930 1593 964 1657 in
987 1591 1097 1658 eodioe
1119 1599 1206 1658 certo
1227 1612 1294 1657 non
1319 1593 1438 1660 ruerit.

441 1693 553 1760 Simile
575 1694 653 1777 quid
675 1694 707 1758 ni
730 1695 825 1762 fallor
847 1693 964 1760 aonidit
985 1717 1018 1779 p.
1034 1697 1150 1759 548⁷ss.

612 1796 653 1860 1³¹
1179 1797 1228 1861 1⁴³²

354 1899 566 1984 παρακαλεῖν
576 1903 596 1984 ¹]
616 1923 650 1964 τε
671 1895 732 1986 τὴν
753 1892 898 1965 τιῖινἛλ-
951 1899 1186 1983 παρακαλεῑνῑ)
1206 1923 1242 1964 τε
1263 1895 1327 1986 τὴν
1346 1908 1421 1966 τῶν
1435 1896 1512 1967 ‘Et-

354 2000 464 2089 λήνων
480 1996 615 2068 εάνοιαν
635 2001 763 2068 οἰκείαν
785 2012 898 2067 ποιεῖν
950 1999 1060 2088 λήνων
1075 1997 1211 2068 εὔνοιαν
1225 2001 1364 2068 οίκείαν
1388 2019 1513 2071 ποιεῖν

354 2112 393 2191 τῇ
417 2102 516 2172 πόλει
538 2109 698 2192 μεγίστην
713 2098 897 2192 ἡγούμενος
949 2111 988 2189 τῇ
1011 2102 1111 2170 πόλει
1129 2109 1292 2192 μεγίστην
1309 2099 1513 2192 ἡγούμενος

353 2208 504 2295 μερίδαί)
547 2205 635 2294 πρὸς
679 2202 898 2291 εὐδαιμονίαν
948 2207 1094 2293 μερίδαί)
1107 2204 1195 2294 πρὸς
1210 2201 1452 2290 εὐδαιμονίαν
1471 2237 1512 2276 τε

353 2323 586 2398 παρασκευαῖς
611 2311 668 2376 καλ
696 2324 771 2388 ταῖς
798 2313 897 2394 μελὲ-
949 2311 1021 2374 καὶ
1048 2308 1298 2388 πολιτικοὺς
1326 2313 1414 2393 μὲν
1449 2311 1514 2379 εί-

354 2439 437 2496 ταις,
458 2411 693 2501 είρηνικοὺςδὲ
708 2421 754 2499 τῷ
768 2415 896 2501 μηδένα
947 2437 1020 2480 ναι
1048 2419 1313 2499 παρασκευαῖςθ)
1341 2418 1407 2480 καί
1433 2431 1515 2494 ταῖς

353 2517 459 2604 μηδὲν
474 2511 612 2582 ἀδικεῖν.
947 2517 1102 2598 μελέταις
1125 2517 1195 2580 κτλ.

441 2629 547 2694 Verba
569 2630 626 2693 καλ
648 2624 843 2704 πολιτικοὺς
865 2628 929 2710 μὲν
944 2622 1032 2693 εἶναι
1053 2627 1145 2693 addit
1167 2628 1215 2692 F²
1238 2629 1270 2693 in
1293 2649 1379 2712 mg„
1410 2655 1452 2696 τε
1478 2633 1513 2697 in

353 2732 426 2816 ipso
448 2739 553 2808 textn;
585 2732 660 2797 dnm
683 2733 767 2798 tollit
787 2731 939 2798 damnum
962 2739 1113 2816 exparte
1136 2769 1165 2778 -μ
1200 2752 1310 2798 verunt
1336 2734 1432 2799 enim
1460 2748 1514 2801 est

354 2834 411 2898 καλ
434 2831 639 2916 πολεμικοὺς
660 2834 723 2917 μὲν
745 2827 888 2899 ελναι-
910 2854 1027 2900 novum
1050 2834 1200 2900 mendum
1223 2834 1314 2899 addit
1337 2859 1387 2914 τε,
1417 2839 1512 2920 qnod

354 2937 423 3002 fieri
445 2957 525 3003 sane
547 2942 654 3021 potest
676 2944 711 3002 ut
733 2937 765 3002 in
788 2935 899 3003 oodioe
919 2937 1025 3018 fuerit,
1051 2957 1110 3002 neo
1134 2944 1242 3002 tamen
1258 2935 1356 3001 fidem
1382 2939 1505 3020 habet,

354 3059 425 3104 oum
455 3039 644 3123 praesertim
672 3039 705 3103 in
734 3039 947 3104 Ambrosiano
976 3039 1136 3123 particulo
1165 3059 1228 3103 non
1257 3039 1356 3104 adsit.
1409 3041 1511 3119 Qua-

353 3149 482 3227 propter
504 3142 544 3208 de
567 3141 812 3226 interpolatione
841 3162 954 3208 manus
984 3141 1145 3207 secundae
1174 3162 1270 3223 quom
1300 3142 1343 3208 de
1372 3145 1511 3212 codicis

353 3244 490 3310 alieuius
513 3244 701 3327 antiquioris
724 3245 861 3312 lectione
883 3245 1025 3327 cogitare
1048 3244 1168 3309 malim.

441 3351 471 3412 3.
496 3348 613 3413 Manus
634 3347 739 3428 tertia,
765 3367 861 3430 quam
884 3348 916 3412 in
939 3348 1008 3413 solo
1023 3347 1185 3413 Dinaroho
1207 3368 1379 3414 ooonrrere
1400 3372 1509 3436 snpra

354 3450 432 3526 dixi,
457 3457 493 3513 nt
514 3469 586 3515 raro
609 3457 782 3535 comparet,
808 3450 854 3515 ito
876 3450 1042 3516 levissima
1063 3470 1210 3533 quaeque
1230 3450 1350 3516 menda
1366 3457 1508 3537 proprio

354 3552 457 3616 Marte
471 3551 555 3617 tollit
562 3555 599 3635 ⁴).
629 3553 697 3617 Iam
714 3573 784 3618 onrn
798 3553 912 3618 Petrus
921 3552 1080 3618 Viotorins
1095 3573 1125 3616 a.
1140 3556 1222 3616 1580
1238 3571 1279 3618 ex
1293 3552 1368 3636 ipso
1384 3556 1508 3622 eodioe

425 3741 441 3802 ἱ)
463 3739 508 3793 Ita
526 3738 548 3792 F
566 3725 647 3792 mate'
668 3741 679 3803 ΙΙ
718 3739 738 3803 ²)
758 3738 860 3810 μερίδα
879 3753 1022 3807 perperam
1041 3739 1226 3808 interpolator
1254 3742 1266 3806 11
1306 3741 1326 3804 ³)
1350 3747 1416 3801 ταῖς
1435 3755 1507 3799 ante

355 3828 548 3896 παρασκευαῖς
566 3823 605 3878 F²
623 3825 727 3878 addere
746 3823 835 3878 oblite
859 3828 909 3877 ent.
942 3827 954 3890 u
993 3825 1013 3887 ⁴)
1035 3824 1149 3879 Praeter
1170 3833 1302 3880 occentus
1321 3829 1507 3900 spititusque

353 3909 427 3963 haud
446 3925 550 3977 paucos
565 3909 676 3964 additos
688 3911 810 3964 correxit
827 3909 911 3964 haee:
934 3925 960 3978 p.
970 3911 1053 3964 63810
1073 3907 1124 3961 τὸν
1136 3909 1184 3963 F1:
1205 3913 1261 3962 τῶν
1275 3911 1313 3964 Ρθ
1331 3929 1389 3979 mg.
1406 3919 1505 3978 notos

354 3992 467 4066 δάναλίτ
489 3992 603 4061 tornati
616 3996 626 4064 ΙΙ
637 3998 703 4047 6419
718 3996 796 4049 tior:
818 3996 905 4058 λείαν,
920 4012 993 4050 man.
1007 3997 1111 4064 primae
1124 4003 1199 4049 aeut.
1212 3998 1305 4065 eras-ss
1320 4011 1346 4051 tt
1364 3996 1505 4070 ἐκλογὴν,

354 4101 370 4146 η
389 4083 417 4136 in
436 4097 507 4145 ταας
527 4083 617 4150 spirit.
638 4089 668 4136 et
686 4097 743 4136 ooo.
762 4083 826 4136 add.
841 4087 852 4148 {l
870 4085 934 4134 6431
955 4080 1096 4150 txtoyotn:
1116 4079 1260 4150 <ἒκλο>γὴν
1279 4083 1308 4137 in
1327 4101 1384 4154 mg.
1400 4088 1413 4150 Ι
1433 4092 1506 4142 6462

353 4180 532 4247 ἀνάληδείς;
555 4181 591 4236 ἀν
609 4181 747 4248 ἀληθείςΙΙ
767 4197 779 4236 :t
801 4181 884 4256 ἱιπὲρε
913 4157 986 4238 [βτί
1002 4184 1066 4254 περὶ
1084 4184 1111 4238 in
1127 4201 1197 4253 ιαμ
1223 4191 1293 4240 nota
1313 4161 1508 4246 ffeodiois

352 4277 472 4340 alicuine
486 4251 632 4340 leotiofdt
643 4276 701 4332 iore
715 4275 753 4338 fit,
775 4277 821 4332 hio
833 4294 887 4332 non
900 4278 1082 4346 significatur.
1115 4277 1296 4334 Florentinne
1309 4281 1387 4336 enim
1401 4283 1508 4340 unione
