3262 4926
591 455 635 464 -
683 419 766 500 pos]
813 453 857 464 -

629 715 763 800 caput
787 718 818 786 1.

687 898 705 982 s
731 904 760 962 1.

174 1035 216 1089 De
233 1034 366 1103 ratione,
385 1045 461 1102 quae
479 1034 563 1088 inter
578 1033 786 1089 florentlnum
804 1033 1082 1089 etAmbroslenum
1100 1031 1275 1087 intercodlt.

244 1172 393 1257 Dionysii
415 1172 456 1238 de
478 1172 657 1238 oratoribus
679 1172 820 1255 antiquis
841 1191 918 1258 pars
941 1171 1036 1257 prior,
1070 1171 1110 1237 de
1132 1169 1294 1236 Dinarcho

157 1263 296 1352 libellus,
323 1275 462 1359 epistula
484 1272 526 1339 ad
549 1275 609 1340 Cn.
630 1274 825 1360 Pompeium,
852 1273 893 1340 de
914 1273 1105 1359 Thucydide
1128 1272 1292 1354 iudicium,

158 1376 198 1441 de
213 1376 403 1442 admiranda
425 1382 460 1442 ut
474 1376 569 1460 volgo
585 1376 691 1443 ferunt
714 1377 744 1443 vi
761 1376 890 1443 dicendi
912 1375 945 1440 in
961 1375 1177 1444 Demosthene
1199 1375 1291 1456 liber,

158 1479 298 1564 epistula
319 1479 362 1544 ad
383 1480 570 1545 Ammaeum
594 1479 679 1565 prior
701 1477 828 1545 duabus
849 1479 1001 1545 librorum
1023 1475 1154 1544 familiis
1176 1497 1296 1543 memo-

158 1581 225 1647 riae
255 1581 373 1647 tradita
395 1588 479 1664 sunt,
517 1603 652 1664 quarum
680 1581 814 1648 alterius
837 1581 1070 1666 antesignanus
1092 1580 1296 1648 Florentinus

159 1683 198 1749 de
214 1684 391 1749 oratoribus
406 1683 548 1767 antiquis
570 1690 703 1770 partem.
717 1683 865 1770 priorem,
891 1684 1038 1752 mutilato
1053 1691 1161 1755 tamen
1184 1704 1298 1768 prooe-

159 1785 233 1868 mio,
266 1793 299 1852 et
325 1786 524 1852 Dinarchum
541 1786 698 1870 exhibet,
732 1786 865 1853 alterius
892 1787 1042 1872 princeps
1064 1786 1297 1852 Ambrosianus

159 1896 294 1975 excepto
308 1889 471 1958 Dinarcho
493 1908 576 1974 quae
597 1890 759 1958 nominavi
775 1889 900 1968 omnia;
925 1889 979 1974 qui
1002 1897 1169 1976 praetcrea
1191 1889 1225 1954 in
1246 1887 1298 1954 iu·

159 1991 277 2058 dicium
307 1992 443 2058 vocandi
473 1999 547 2058 sunt
574 1991 741 2059 Palatinus
762 1993 942 2060 Vaticanae
964 2014 996 2057 n.
1017 1995 1057 2058 58
1079 1993 1122 2076 (P)
1151 1999 1183 2058 et
1205 1991 1298 2058 Pari-

161 2095 223 2160 sini
245 2095 273 2160 A
298 2117 329 2160 n.
348 2099 429 2160 1657
452 2095 479 2160 Β
503 2099 636 2160 ιι.1742
659 2115 701 2162 ex
723 2096 835 2162 eodem
858 2117 930 2162 oum
952 2093 1163 2161 Ambrosiano
1185 2094 1300 2161 arohe-

161 2204 238 2283 typo
253 2197 424 2278 fluxerunt,
446 2197 493 2263 ita
507 2203 625 2279 tamen,
651 2205 685 2263 ut
700 2219 831 2283 operum
847 2199 924 2264 ordo
939 2197 973 2262 in
988 2198 1049 2263 PA
1064 2198 1295 2276 immutaretur,

162 2306 193 2366 et
223 2301 256 2364 in
279 2301 381 2365 altero
404 2299 549 2366 Parisino
578 2301 731 2366 indicium
762 2301 802 2366 de
824 2300 1013 2386 Thucydide
1042 2299 1173 2384 periret,
1208 2300 1299 2366 cuius

161 2404 303 2470 iacturae
325 2425 388 2470 non
410 2399 516 2469 minus
538 2423 633 2487 quarn
663 2403 907 2490 permutationis
936 2403 1025 2470 illius
1047 2421 1162 2490 causas
1188 2401 1301 2469 rectis-

162 2507 243 2572 sime
265 2505 428 2576 Usenerus
459 2506 632 2592 explicavit
660 2506 694 2572 in
720 2507 828 2572 annal.
853 2505 964 2591 philol.
990 2509 1071 2572 1873
1095 2528 1128 2592 p.
1156 2510 1228 2586 150,
1258 2505 1300 2571 ad

162 2629 256 2691 quem
279 2610 415 2675 lectores
437 2609 608 2692 delegasse
635 2609 715 2675 satis
737 2609 853 2675 habeo,
900 2609 1025 2690 Eidem,
1058 2609 1144 2693 quod
1166 2609 1300 2674 Floren-

163 2713 264 2776 tinum
290 2712 373 2778 lalso
396 2712 471 2776 olim
494 2711 640 2779 codicum
663 2711 798 2778 MPAB
822 2712 1032 2798 archetypum
1055 2733 1075 2778 a
1098 2733 1133 2778 se
1155 2712 1299 2778 habitum

163 2834 234 2881 esse
250 2814 361 2880 statuit
382 2817 412 2897 [l.
431 2816 452 2880 l.
477 2837 509 2900 p.
531 2818 616 2901 154),
643 2835 772 2900 prorsus
795 2815 967 2882 adsentior.
1016 2817 1053 2881 In
1072 2815 1188 2882 ceteris
1211 2831 1297 2894 vero,

164 2937 246 3000 quae
261 2917 314 2982 ade
337 2917 472 2983 duarum
493 2918 688 2984 familiarum
710 2919 947 2985 necessitudine
970 2919 1066 3001 dixit,
1097 2919 1206 3004 paullo
1228 2919 1302 2984 lon·

163 3021 235 3104 gius
264 3020 415 3106 progredi
443 3041 538 3107 posse
568 3021 646 3087 mihi
676 3021 804 3100 videor3
844 3022 877 3086 in
905 3042 967 3105 qno
997 3022 1025 3087 si
1047 3031 1176 3107 propter
1206 3021 1310 3088 fidem·

164 3129 367 3206 aetatemquc
391 3123 546 3206 neglectis
569 3125 684 3190 ceteris
703 3123 846 3190 eiusdem
870 3124 1012 3191 familiae
1029 3124 1191 3191 codicibus
1215 3126 1301 3190 solus

163 3226 394 3292 Ambrosianus
417 3227 601 3293 Florentino
631 3227 810 3312 opponitur,
843 3233 875 3293 et
903 3227 1078 3312 simplicior
1099 3229 1245 3311 quaestio
1268 3225 1303 3292 fit

164 3336 197 3393 et
218 3329 335 3394 utilior.

250 3448 406 3514 Iudicium
430 3448 471 3514 de
495 3448 630 3528 ratione,
661 3470 745 3532 quae
767 3447 851 3515 inter
873 3449 1092 3516 Florentinum
1115 3456 1146 3515 et
1168 3447 1304 3514 Ambro-

164 3551 289 3615 sianum
312 3549 501 3632 intercedat,
528 3573 568 3618 ex
583 3551 786 3618 Ambrosiam
802 3553 965 3618 nonnullis
980 3551 1105 3618 lacunis
1124 3551 1230 3636 spatio
1244 3573 1303 3617 va-

165 3673 224 3719 cuo
247 3654 358 3720 relicto
377 3653 572 3738 significatis
594 3655 724 3740 pendet.
765 3654 969 3721 Florentinus
985 3653 1046 3721 etsi
1062 3654 1109 3722 eis
1131 3654 1210 3721 locis
1226 3674 1303 3720 oon-

165 3757 288 3822 tinuum
312 3765 434 3823 textum
455 3758 599 3843 praebet,
627 3759 750 3825 duobus
766 3753 854 3825 certe
874 3758 953 3844 ipsis
969 3759 1209 3824 adnotationum
1228 3753 1304 3824 reli-

165 3861 249 3942 quiis
281 3860 448 3946 archetypi
478 3862 628 3927 lacunam
658 3860 791 3928 indicat.
840 3862 948 3928 Habes
976 3861 1061 3928 enim
1087 3883 1119 3947 p.
1139 3863 1245 3926 570sss
1262 3891 1303 3916 =

166 3965 264 4032 lsoor.
290 3964 330 4030 de
352 3985 434 4050 pace
457 3965 531 4050 §12
555 3963 636 4031 haec

320 4086 352 4150 in
376 4085 579 4150 Florentino:
877 4085 910 4148 in
933 4083 1161 4152 Ambrosiano:

168 4203 335 4287 θαυμάζω
359 4205 395 4270 δὲ
418 4202 459 4270 τὰ
480 4212 547 4271 τῶν
562 4209 711 4291 repemin-
764 4202 932 4287 θαυμάζω
954 4204 990 4269 δὲ
1014 4201 1055 4268 τὰ
1075 4212 1140 4270 τῶν
1156 4209 1306 4291 πρεσβυ-

169 4312 273 4392 τέρων
282 4307 311 4374 εἰ
323 4333 441 4394 pepusa
450 4306 719 4396 perpraedictum,
766 4313 872 4393 τὲρων
887 4307 917 4374 εἰ
928 4311 1045 4394 μηκέτι
1058 4307 1306 4396 μνημονεύουσι

1063 4430 1098 4480 2*
