3280 4934
769 414 809 423 ..
855 374 929 458 [76]
977 411 1015 421 -.

454 573 496 636 99
522 563 598 636 άντί
616 564 834 655 κασιγνήτου·
855 560 895 634 σύ
915 567 952 634 δι’
969 591 1036 653 μοι,
1054 570 1141 651 φίλε,
1159 576 1235 634 τοῦ
1241 561 1274 634 τ’
1294 568 1343 634 ἐνὶ
1362 575 1462 654 θυμῷ

436 680 499 746 100
566 672 702 762 φράζεο,
726 677 782 741 καί
804 667 887 741 ποτ’
910 673 990 760 ἐμοῦ
1012 671 1151 762 μνήσεαι
1174 673 1328 756 ἐξοπίσω.

322 805 369 890 (A
395 803 480 869 infra
510 796 668 878 Τοιοῦτός
694 822 748 866 τοι
775 792 860 887 ἀνὴρ
888 817 975 866 eorm
1002 804 1114 882 φιλας,
1145 803 1171 864 O
1197 801 1281 867 iufra
1309 809 1463 879 τοιοῦτος

322 903 406 998 άνὴρ
430 905 516 976 ἔστω
540 910 698 992 φίλος-
718 908 750 973 A
772 907 855 973 infra
877 899 970 972 τοῦτ’
993 910 1071 992 [non
1089 909 1165 974 item
1187 907 1252 992 O])‚

322 1025 390 1084 tum
412 1037 534 1084 versus:

366 1143 432 1207 415
458 1131 596 1206 oaesv’
620 1131 738 1224 ὁμοῖον
763 1137 836 1224 ἐμοὶ
860 1135 1003 1224 δύναμαι
1027 1135 1197 1226 διζήμενος
1221 1131 1330 1224 εὑρεῖν

368 1250 434 1315 416
501 1237 623 1314 πιστὸν
648 1241 791 1332 ἑταῖρον,
815 1237 884 1331 ὅτῳ
906 1243 950 1332 μή
973 1269 1023 1322 τις
1048 1241 1155 1312 ἔνεστι
1179 1241 1290 1322 δόλος·
1368 1326 1373 1338 ,

366 1355 430 1420 417
456 1352 488 1432 ἐς
510 1349 660 1434 βάσανον
684 1344 717 1418 δ’
742 1344 855 1419 ἐλθών
877 1355 1170 1438 παρατρίβομοι
1193 1343 1291 1417 ὥστε
1315 1351 1464 1435 μολίβδῳ

366 1462 432 1528 418
498 1455 631 1546 χρυσός,
655 1453 885 1546 ὑπερτερίης
910 1451 1066 1545 δ’άμμιν
1091 1455 1198 1525 ἔνεστι
1221 1454 1329 1543 λόγος.

323 1587 404 1674 (Ao
421 1585 505 1652 infra
523 1576 634 1650 οὔτιν’
648 1623 691 1634 -—
709 1580 997 1670 παρατριβόμενός
1010 1607 1046 1649 τε
1065 1623 1107 1634 -
1128 1575 1322 1670 ὑπερτερίης
1337 1577 1464 1668 ἄμμιν.)

411 1692 454 1757 Hi
471 1692 570 1776 igitur
587 1713 694 1758 versus
714 1693 882 1777 (er-100
906 1697 938 1756 et
956 1691 1148 1776 415-418)
1171 1699 1243 1776 post
1262 1714 1289 1756 v.
1310 1690 1396 1755 1164
1414 1711 1465 1754 re-

323 1799 416 1884 petiti
444 1800 477 1863 iu
504 1799 634 1864 alterius
660 1798 799 1883 syllegae
826 1798 996 1882 archetypo
1025 1799 1171 1864 videntur
1198 1819 1266 1864 seso
1293 1797 1465 1880 excepiss03

324 1914 355 1973 et
378 1911 525 1990 poterant
547 1903 608 1971 hae
636 1906 824 1984 sententiae,
853 1907 912 1970 etsi
940 1925 1002 1970 rron
1026 1905 1165 1971 eiusdem
1189 1904 1306 1988 elegiae
1329 1903 1466 1980 fuerunt,

322 2013 460 2098 perbene
496 2013 647 2096 componi.
707 2012 883 2078 Geuuinem
919 2019 1026 2077 autem
1063 2013 1246 2096 posterioris
1281 2011 1342 2076 loci
1376 2010 1466 2095 (post

322 2141 349 2185 v.
375 2120 475 2206 1164)
508 2120 673 2185 lectionem
705 2115 861 2198 τοιοῦτός
888 2143 941 2185 τοι
970 2120 1111 2186 conicere
1138 2118 1237 2204 possit
1263 2117 1419 2202 quispiam
1445 2139 1467 2182 a

322 2229 437 2313 prioris
468 2227 607 2312 syllegae
639 2228 847 2312 epitomatore
879 2227 951 2292 ideo
979 2232 1133 2290 mutatam
1161 2247 1228 2291 esse
1255 2227 1289 2290 in
1316 2215 1388 2290 ἀλλ’
1416 2222 1467 2310 εἴη

322 2341 476 2411 τοιοῦτος
499 2333 540 2419 (r.
559 2333 626 2420 97),
649 2335 734 2418 quod
757 2335 818 2399 nisi
836 2334 1043 2398 variationem
1063 2331 1223 2408 effecisset,
1247 2332 1310 2396 duo
1329 2329 1468 2396 disticha

322 2440 520 2526 insequentia
543 2439 603 2526 (vv.
623 2440 675 2506 95.
694 2441 736 2505 96
757 2448 789 2505 et
807 2441 859 2505 97.
878 2440 935 2525 98)
959 2439 1000 2504 ab
1020 2440 1136 2505 eisdem
1154 2440 1343 2524 incepissent
1361 2437 1467 2503 verbis

321 2542 476 2625 τοιοῦτός
502 2569 564 2612 τοι.
621 2547 769 2613 Attamen
803 2549 854 2610 vix
881 2547 984 2612 minus
1016 2545 1223 2630 probabiliter
1255 2549 1350 2628 atque
1384 2544 1466 2608 adeo

321 2653 516 2739 probabilius
539 2654 594 2719 alii
618 2653 810 2719 conieceriut
832 2653 916 2738 apud
936 2653 1152 2736 Theognidem
1175 2641 1282 2718 versus
1301 2651 1467 2727 97-100,

321 2761 430 2844 quales
460 2763 493 2825 in
520 2762 625 2845 priore
653 2760 774 2844 sylloge
800 2760 964 2842 leguntur,
990 2782 1059 2826 oum
1087 2760 1231 2858 versibus¹
1257 2758 1388 2822 93-96
1413 2777 1465 2824 co-

320 2868 473 2945 haesisse,
500 2869 731 2951 genuinamque
759 2866 891 2932 formam
920 2888 989 2932 eam
1018 2867 1127 2944 fuisse,
1156 2887 1236 2949 quae
1264 2887 1283 2930 a
1309 2865 1468 2950 particula

322 2966 405 3040 ἀλλὰ
438 2976 581 3058 incipiat3
614 2975 696 3059 quod
725 2974 780 3058 qui
808 2975 991 3052 statuerint,
1028 2973 1195 3039 lectionem
1226 2965 1380 3048 τοιοῦτός
1412 2993 1467 3036 τοι

321 3072 404 3167 άνῆρ
428 3075 514 3147 borco
538 3081 636 3164 φίλος
663 3081 709 3166 (iu
733 3081 764 3147 A
787 3087 860 3165 post
882 3103 908 3146 v.
934 3079 1034 3168 1164)
1064 3082 1110 3145 ita
1132 3087 1239 3146 natam
1270 3099 1337 3144 esse
1363 3077 1467 3162 suspi-

321 3187 485 3265 cabuntur,
511 3194 547 3252 ut
569 3187 701 3254 alterius
724 3188 862 3280 syllogae
885 3194 1005 3264 auctor,
1028 3208 1098 3252 cum
1120 3208 1228 3252 versus
1251 3183 1465 3260 tta-soab-

320 3294 452 3372 iecisset,
475 3317 513 3360 ex
537 3315 629 3360 versu
647 3293 690 3358 95
713 3295 889 3360 hexametri
913 3295 1039 3360 initium
1057 3294 1263 3377 depromeret.
1284 3331 1324 3340 —
1345 3291 1464 3356 Versus

320 3401 435 3467 deinde
457 3401 633 3468 415-418
653 3401 754 3466 altero
772 3400 840 3466 loco
860 3401 993 3466 exhibiti
1012 3405 1084 3485 post
1106 3422 1133 3464 v.
1155 3400 1241 3467 1164
1264 3398 1375 3464 melius
1399 3420 1465 3464 ser·

321 3507 385 3572 vati
410 3513 498 3582 sunt3
526 3509 714 3590 scripturam
737 3502 1025 3594 παρατριβόμενός
1052 3529 1086 3572 τε
1117 3507 1200 3572 enim
1227 3505 1468 3591 praeferendam

321 3635 389 3681 esse
411 3635 437 3679 v.
464 3613 548 3679 1105
573 3615 673 3679 docet.
684 3616 710 3700 ¹)
756 3615 847 3692 Quod
874 3620 979 3680 autem
1007 3615 1041 3678 iu
1063 3615 1095 3680 A
1117 3621 1190 3698 post
1212 3637 1239 3680 r.
1265 3613 1351 3678 1164
1379 3613 1468 3696 (post

321 3718 353 3797 ίς
375 3714 540 3805 βάσανον)
564 3741 620 3803 pro
645 3712 678 3787 δ’
702 3720 819 3804 legitur
841 3713 884 3798 τ’,
908 3721 941 3786 id
964 3721 1076 3788 calami
1100 3721 1201 3804 lapsui
1225 3719 1400 3785 tribuerim.
1422 3759 1467 3768 —

399 3824 566 3893 Difficilior
581 3827 637 3892 illa
651 3833 699 3892 est
714 3829 868 3911 quaestio,
884 3828 960 3912 quid
977 3829 1016 3893 do
1032 3827 1173 3894 versibus
1183 3827 1315 3892 57-60
1324 3827 1468 3894 iudicau-

320 3991 445 3998 -a———0
466 3991 530 3997 .-.-.

409 4075 429 4140 ¹)
448 4074 497 4129 cir.
516 4075 694 4132 Hemerdeni
717 4074 986 4143 (animadversiones
1010 4075 1193 4146 philologicae
1212 4075 1241 4130 in
1260 4075 1463 4146 Theognidem,

319 4161 442 4218 Traiecti
460 4164 495 4218 ed
514 4164 567 4219 Rh.
587 4165 666 4232 1870)
685 4164 817 4220 iudicium
837 4164 934 4220 dehis
954 4165 1090 4228 versibus,
1112 4165 1157 4234 qui
1177 4165 1348 4232 ebdomas,
1373 4171 1468 4223 otest

319 4250 535 4306 coniecturarum
560 4269 666 4319 amens,
693 4270 742 4323 pro
765 4253 890 4326 μολίβδῳ
919 4254 1032 4322 probam
1056 4261 1084 4308 et
1107 4254 1248 4323 antiquam
1273 4255 1386 4309 formam
1412 4273 1465 4322 μο-

319 4333 410 4413 λύβδῳ
429 4342 613 4412 reponendam
633 4359 692 4398 esse
712 4348 818 4411 censet;
843 4343 916 4398 idem
935 4359 996 4397 cum
1015 4339 1183 4413 ὑπερτερίης
1202 4385 1207 4396 .
1229 4337 1339 4414 ,λόγος
1362 4342 1467 4414 depra-

318 4433 409 4484 vatum
429 4437 515 4499 putet,
535 4432 648 4488 conicit:
668 4425 819 4505 ὑπερτερίῃ
839 4427 862 4486 δ’
881 4424 976 4502 άμμου
996 4425 1088 4488 ἔνεστι
1108 4427 1200 4504 λόγος.
