3304 4928
325 405 345 470 a
760 447 801 456 -
848 407 943 491 [254]
991 447 1032 455 -

325 606 449 682 bantur,
472 611 507 667 ut
531 603 697 668 nonnullae
721 605 931 688 proprietates
949 605 1076 689 liuguae
1099 605 1235 688 vulgaris
1258 608 1470 686 surreperent,

325 710 554 795 aliquantulum
574 711 754 776 'contulisse
785 713 912 777 videtur
947 713 997 788 ad¹
1021 711 1277 796 aequabilitatem
1309 711 1468 794 quandam

323 820 449 901 linguae
481 818 514 881 in
546 819 703 882 variarum
731 819 961 902 provinciarum
990 820 1090 884 titulis
1117 817 1328 894 alliciendam
1359 839 1470 902 quam-

325 947 419 1010 quam
442 923 629 990 certioribus
652 925 692 989 de
715 946 753 989 ca
774 947 809 990 re
832 926 1022 992 testimoniis
1044 927 1190 992 destituti
1214 947 1328 992 sumus.

412 1031 559 1098 Ceterum
574 1053 620 1108 ee,
638 1033 724 1114 quod
738 1053 799 1097 nou
815 1032 918 1098 solum
932 1035 1130 1116 exceptiones
1145 1039 1179 1098 et
1191 1033 1419 1116 discrepantias
1433 1033 1470 1097 in

324 1141 427 1206 indice
455 1138 629 1224 enotavi1),
657 1138 712 1204 sed
740 1139 836 1204 etiam
864 1140 1045 1223 saepissime
1073 1146 1105 1205 et
1128 1140 1160 1204 in
1184 1139 1412 1224 orthographia
1434 1145 1470 1204 et

324 1249 357 1312 iu
384 1245 496 1312 ceteris
524 1245 747 1328 grammaticae
774 1246 918 1330 partibus
946 1269 998 1324 ea,
1025 1269 1105 1330 quae
1133 1247 1303 1322 secundum
1326 1247 1469 1329 regulam

324 1353 412 1431 fiunt,
436 1355 583 1420 doeemur
606 1374 688 1429 rare,
710 1374 791 1436 quae
814 1353 951 1437 vulgaris
974 1354 1100 1437 linguae
1119 1355 1247 1438 propria
1265 1354 1337 1432 siut,
1359 1373 1469 1418 oecur-

324 1483 401 1527 rere.
447 1460 545 1542 Atqui
573 1460 692 1524 indices
719 1461 759 1524 ad
789 1460 936 1544 Corporis
965 1461 1033 1526 roll.
1064 1462 1094 1526 ll
1122 1469 1155 1526 et
1178 1461 1204 1524 V
1229 1459 1469 1544 diligentissime

324 1569 457 1635 conlecti
476 1559 535 1631 nee
553 1587 641 1632 secus
664 1567 759 1632 index
777 1566 831 1633 ille
849 1567 1082 1646 Muellerianus‚
1105 1591 1175 1634 eum
1193 1591 1301 1634 omnes
1321 1570 1352 1632 iu
1370 1589 1470 1632 unum

324 1678 427 1741 locum
464 1679 626 1758 congestas
663 1673 846 1752 exhibeant,
887 1676 1168 1760 discrepantiarum
1205 1677 1364 1758 ingentem
1401 1696 1471 1740 esse

324 1783 446 1866 copiam
466 1783 497 1844 in
511 1780 613 1846 titulis
628 1781 844 1847 demonstrare
858 1771 1018 1870 ¹ridentur:
1036 1803 1117 1866 quae
1131 1804 1241 1848 revera
1252 1803 1371 1866 paucae
1385 1789 1471 1858 suut,

325 1891 351 1956 si
384 1887 488 1972 magni
520 1888 685 1953 titulorum
721 1890 844 1954 numeri
875 1891 1030 1955 rationem
1063 1890 1219 1956 habueris.
1274 1890 1385 1972 Itaque
1416 1891 1470 1953 vix

324 2017 447 2073 vereor,
475 2017 513 2060 ne
541 1995 574 2058 in
601 1993 770 2061 afferendis
793 1996 846 2072 iis,
874 2017 955 2079 quae
977 2003 1063 2062 recte
1086 1997 1266 2064 scribuntur
1293 1997 1471 2062 formantur

325 2109 563 2180 construuntur,
590 2103 713 2185 longius
740 2109 906 2186 provectus
934 2125 1001 2170 esse
1028 2106 1145 2170 videar.
1175 2143 1216 2154 -
1244 2105 1335 2183 Quod
1361 2089 1470 2168 autem

324 2214 450 2297 linguae
473 2211 610 2294 vulgaris
638 2211 768 2293 propria
795 2209 882 2276 haud
909 2211 956 2276 ita
984 2213 1084 2276 multa
1106 2215 1213 2276 insunt
1235 2211 1267 2277 in
1292 2211 1407 2288 titulis,
1434 2212 1469 2276 id

324 2321 461 2404 quadrat
487 2319 528 2382 ad
555 2318 873 2401 argumentationem,
906 2340 1000 2402 quam
1028 2341 1124 2402 supra
1150 2320 1312 2404 proposui:
1344 2339 1417 2383 nam
1441 2320 1469 2385 si

323 2427 463 2510 linguam
482 2425 679 2510 peregrinam
698 2423 808 2502 dianae,
827 2424 933 2508 potius
952 2447 997 2502 aa,
1016 2447 1096 2510 quae
1114 2429 1203 2491 iuxta
1222 2427 1361 2510 regulam
1379 2425 1470 2504 fiunt,

324 2535 426 2600 diseas
449 2555 543 2617 quam
566 2553 647 2614 quae
669 2538 780 2597 contra
801 2533 951 2616 regulam.

411 2641 459 2705 De
481 2641 585 2722 prima
606 2643 697 2721 parte
725 2639 838 2706 indicis
862 2638 1020 2705 hactenus.
1068 2641 1114 2706 De
1137 2639 1270 2706 flexione
1292 2662 1363 2706 cum
1386 2641 1469 2705 indi-

263 2739 267 2746 ’
324 2769 374 2814 ces
394 2747 541 2830 Corporis
564 2747 678 2829 exigua
699 2743 847 2824 afferant,
875 2767 935 2810 nnn
961 2747 1070 2812 eodem
1094 2769 1155 2830 quo
1179 2749 1218 2812 de
1241 2747 1471 2831 orthographia

325 2857 417 2920 modo
445 2859 624 2919 nostrerum
652 2853 816 2918 titulorum
844 2855 1102 2920 celsaetudinem
1130 2875 1200 2918 cum
1228 2856 1299 2920 aliis
1326 2853 1470 2920 conferre

324 2963 426 3046 potui;
450 2961 537 3026 tituli
559 2981 633 3025 vero
655 2960 756 3024 nostri
778 2961 811 3024 in
834 2962 1013 3025 universum
1032 2969 1064 3026 et
1082 2963 1291 3026 constantiam
1309 2961 1471 3044 quandam

325 3075 357 3133 et
379 3067 551 3134 formarum
575 3066 789 3150 iutegritatem
814 3069 847 3130 iu
870 3089 906 3132 eo
930 3069 1034 3150 capite
1056 3071 1292 3152 grammaticae,
1320 3068 1404 3153 quod
1428 3069 1470 3134 de

325 3174 457 3239 flexione
481 3173 557 3257 agit,
580 3172 737 3238 exhibent.

413 3281 524 3346 Partes
535 3281 655 3356 indicis,
669 3303 751 3363 quae
761 3281 847 3346 illam
858 3281 1027 3366 excipiunt,
1036 3287 1198 3367 tamquam
1208 3281 1388 3368 appendicis
1398 3281 1471 3348 loco

324 3388 458 3472 accipias
486 3387 592 3463 velim3
620 3391 784 3452 materiam
808 3389 904 3466 enim,
931 3411 1025 3472 quam
1047 3392 1201 3474 congessi,
1229 3389 1472 3456 luculentiorem

324 3517 418 3582 quam
441 3517 521 3579 quaa
546 3516 584 3559 ex
606 3495 864 3579 inscriptionibus
889 3502 1096 3580 exspectetur,
1119 3496 1366 3563 accuratioribus
1384 3517 1471 3562 oom-

324 3604 486 3670 mentariis
523 3605 679 3668 instruere
714 3625 816 3687 neque
852 3605 942 3686 potui
972 3624 1088 3687 neque,
1120 3625 1191 3670 cnm
1223 3605 1334 3670 indicis
1366 3604 1473 3670 forma

324 3711 475 3788 obstaret,
497 3711 595 3788 rolui3
624 3711 683 3774 etsi
707 3731 781 3774 vere
804 3709 923 3804 indices
947 3709 1094 3793 Corporis
1117 3711 1328 3778 Berolineusis
1353 3712 1393 3778 da
1415 3734 1470 3778 re-

324 3819 383 3884 bus
415 3818 596 3902 syntecticis
628 3816 721 3882 nimis
753 3839 854 3900 panea
886 3817 1048 3894 exhibent,
1085 3823 1193 3884 tamen
1224 3819 1320 3884 etiam
1351 3820 1384 3884 iu
1417 3819 1470 3886 his

324 3928 462 3992 omnium
485 3925 726 4009 provinciarium
751 3925 836 3988 tituli
864 3925 897 3989 in
924 3925 1146 4008 discrepantiis
1168 3927 1336 4010 praecipue
1359 3925 1471 4010 vulga-

414 4123 432 4186 ι)
456 4121 486 4174 ln
510 4119 666 4174 universum
690 4118 911 4184 mortennani,
936 4135 1006 4190 quae
1030 4134 1047 4173 a
1070 4120 1266 4177 consuetudine
1290 4121 1469 4190 elegantioris

324 4209 456 4266 sermonis
485 4208 579 4263 Latini
602 4210 772 4278 discrepant,
802 4216 830 4263 et
854 4225 923 4278 quae
948 4210 994 4264 rel
1016 4208 1043 4262 in
1068 4211 1169 4266 nostris
1189 4210 1275 4266 titulis
1294 4210 1338 4266 rel
1357 4211 1470 4268 omnino

323 4298 391 4352 alibi
419 4297 478 4352 sine
506 4297 662 4353 constantia
683 4299 741 4353 sive
764 4298 921 4353 scribuntur
944 4298 1002 4352 sivo
1026 4307 1232 4368 construuntur,
1260 4313 1353 4354 earum
1373 4307 1470 4358 autern

323 4401 426 4448 rerum,
455 4400 525 4454 quae
545 4395 620 4440 recte
639 4404 699 4442 sese
719 4388 835 4452 habent,
865 4402 911 4442 eas
936 4386 1054 4442 maxime
1074 4388 1158 4460 elegi,
1188 4406 1256 4458 ques
1273 4388 1341 4444 alibi
1360 4389 1396 4442 ab
1416 4407 1470 4448 usu

323 4475 456 4530 sermonis
474 4475 654 4534 abhorrentes
673 4476 850 4551 deprehendi.
