3274 4938
726 1623 756 1704 I.

258 1881 321 1946 Diu
348 1881 544 1966 multumque
566 1902 586 1947 a
608 1883 683 1947 viris
711 1882 813 1948 doctis
836 1883 1008 1967 cogitatum
1031 1890 1081 1949 est
1103 1885 1313 1970 disputatum-

168 2010 243 2073 que,
275 2009 338 2072 qua
364 1991 488 2054 ratione
516 2010 554 2054 ea
581 2011 662 2075 quae
689 1989 784 2057 hodie
812 1989 1015 2075 llreognidea
1041 1991 1313 2072 circumdandum,

168 2102 318 2180 congesta
344 2103 448 2162 essent
475 2101 508 2162 et
535 2097 666 2182 digesta.
719 2099 825 2182 Atque
852 2119 923 2164 cum
949 2119 1013 2164 non
1038 2100 1132 2184 pauci
1159 2100 1199 2164 do
1226 2105 1313 2165 certa

168 2204 314 2285 quadam,
337 2225 401 2289 qua
423 2203 601 2288 fragmenta
623 2205 680 2270 illa
697 2206 869 2290 elegiarum
887 2205 1035 2272 ordinate
1052 2213 1166 2284 essent,
1188 2208 1313 2272 ratione

170 2311 349 2395 indaganda
370 2311 583 2396 desperarent,
607 2313 757 2379 exstitere
775 2313 829 2396 qui
852 2314 945 2378 nimis
968 2319 1079 2396 argute
1097 2319 1183 2379 certo
1202 2313 1313 2380 ordine

167 2417 372 2503 Theognidea
411 2421 585 2505 composita
625 2439 693 2486 esse
730 2421 964 2487 contenderent
1028 2419 1065 2484 In
1101 2419 1216 2504 quihus
1252 2419 1314 2485 fuit

168 2524 424 2604 Nietzschius,
447 2527 502 2610 qui
525 2528 558 2591 in
582 2527 803 2594 dissertatione
826 2526 905 2594 Mus.
924 2526 1022 2592 Rhea.
1045 2525 1123 2593 Nor.
1142 2527 1202 2592 vol.
1220 2525 1312 2592 XXII

167 2653 196 2715 p.
209 2633 269 2698 161
282 2654 349 2717 sqq.
364 2632 484 2700 inserte
496 2634 583 2720 (‚Zur
594 2634 781 2701 Gesohichte
795 2635 852 2700 der
866 2633 1159 2718 Theognideischen
1173 2631 1312 2718 Spruch-

168 2739 351 2824 sammlung.
375 2740 450 2825 Cap.
469 2741 492 2806 Ι.
516 2741 575 2806 Die
598 2742 693 2808 letzte
715 2741 890 2808 Redaction
913 2741 970 2807 der
993 2739 1220 2828 Theognidea’)
1243 2761 1313 2806 scn-

168 2847 301 2912 tentiam
333 2847 409 2914 olim
440 2870 460 2914 a
493 2848 728 2936 Welckero¹)
759 2847 915 2935 prolatam
947 2848 1050 2914 denuo
1083 2849 1314 2914 commendavit

168 2954 384 3040 sagaciterque
416 2957 573 3022 excultam
605 2957 756 3022 defendit.
806 2955 911 3040 Atque
933 2955 1116 3022 Welclrerus
1144 2977 1215 3020 cum
1243 2977 1314 3020 eum

167 3063 281 3148 quiin
309 3063 495 3130 adornanda
521 3063 769 3149 fragmentorum
797 3064 1004 3148 dispositione
1034 3068 1175 3129 versatus
1202 3062 1314 3128 fnisset

167 3170 327 3246 ,interiore
358 3175 474 3255 politae
506 3171 684 3256 cognitione
710 3177 807 3255 atque
834 3178 924 3238 recta
951 3171 1147 3256 singulorum
1175 3171 1313 3236 locorum

166 3278 386 3345 aestimatione
408 3281 536 3346 omnino
558 3277 705 3346 caruisse'
723 3277 858 3346 haberet
875 3299 1069 3364 persuasum,
1091 3277 1132 3344 ad
1151 3284 1313 3342 externam

167 3385 441 3470 Theognideorum
459 3387 594 3471 speciem
617 3386 699 3453 adiit
717 3386 1000 3471 contemplandam,
1023 3387 1051 3450 si
1073 3384 1151 3471 quid
1170 3384 1252 3450 forte
1271 3383 1312 3448 ab

166 3512 205 3557 aa
227 3491 261 3556 in
282 3513 318 3558 re
341 3498 408 3558 tam
431 3491 553 3560 difficili
577 3495 679 3579 repeti
701 3501 809 3579 posset
831 3492 951 3560 auxilii.
997 3492 1110 3574 Itaque
1133 3491 1314 3574 imperitum

166 3600 323 3682 quendam
342 3602 650 3685 grammaticastrum
668 3601 717 3680 ‚ob
736 3603 863 3668 inanem
881 3601 1020 3682 aliquam
1035 3597 1171 3682 speciem
1184 3594 1315 3662 verbum

165 3706 295 3791 aliquod
309 3712 366 3773 aut
379 3705 547 3774 formulam
561 3708 686 3776 dicendi
700 3709 749 3775 vel
764 3711 797 3774 in
810 3707 874 3775 fine
887 3707 981 3774 unius
991 3704 1167 3771 sententiae
1177 3709 1209 3769 et
1223 3702 1314 3768 initio

166 3813 297 3880 alterius
320 3812 369 3880 vel
391 3814 424 3879 in
447 3814 595 3880 binorum
613 3817 705 3883 initio
728 3813 933 3882 communem'
956 3812 1135 3898 fragmenta
1153 3809 1314 3895 copulasse

166 3921 336 3988 contendit.
391 3921 485 3988 Cuius
512 3923 647 4008 vestigia
679 3931 804 3990 secutus
836 3921 1035 3988 Nietnechius
1067 3916 1314 4003 disputationem

165 4033 212 4096 ita
234 4030 393 4114 ingressus
416 4035 472 4108 est,
496 4035 533 4096 ut
556 4051 577 4096 a
599 4031 741 4098 versibus
764 4031 799 4096 in
817 4029 1023 4114 Theognidea
1041 4026 1201 4119 farragine
1224 4046 1313 4110 repe—

165 4195 375 4203 ——·--...-.—..--·

254 4283 273 4345 ¹)
292 4279 459 4349 Theognidis
483 4279 628 4348 reliquiae.
670 4281 748 4337 Novo
766 4280 863 4336 ordine
882 4276 1032 4349 disposuit,
1056 4275 1313 4333 commentationem

164 4369 289 4452 criticam
309 4375 337 4424 et
355 4375 434 4425 notos
453 4369 557 4425 adiecit
577 4371 622 4425 Fr.
642 4371 766 4440 Theoph.
781 4369 924 4426 Welcker.
952 4367 1080 4424 Francos.
1100 4382 1125 4422 a.
1136 4367 1174 4421 M.
1191 4365 1267 4422 1826.
1279 4399 1312 4406 —

163 4459 381 4528 fflme
