3280 4934
590 385 629 396 -
678 334 773 432 [ree]
821 387 860 396 -
1253 345 1296 412 43

156 540 231 604 dum
260 546 321 618 est,
352 544 436 626 quod
470 543 532 608 iarn
560 565 653 628 saepe
679 545 870 620 monuimus,
901 543 1115 628 Thucydidem
1142 565 1204 609 non
1231 551 1297 609 tam

156 649 326 714 secundum
349 648 416 715 dies
434 671 527 732 quam
550 652 719 717 secumdum
742 657 880 717 aestates
902 657 936 717 et
958 651 1077 716 hiemes
1096 650 1202 715 omnia
1225 671 1296 714 riar-

156 777 235 820 rarc.
277 757 445 823 Praeterea
462 759 529 823 dies
552 758 600 823 illi
617 759 659 824 ad
677 758 752 822 solis
772 779 896 824 cursum
919 757 1038 822 redacti
1062 777 1125 822 non
1147 757 1219 841 plus
1237 756 1294 821 XX

155 871 229 928 sunt
257 865 291 946 (a
319 865 370 930 dio
394 865 421 928 V
447 866 564 930 mensis
592 864 711 948 Aprilis
737 885 835 948 usque
862 864 903 928 ad
931 863 1018 930 XXV
1045 865 1131 929 diem
1158 864 1296 930 eiusdem

155 973 295 1058 mensis),
317 979 354 1038 ut
377 971 484 1037 decem
506 975 597 1037 annis
620 971 739 1036 additis
762 992 796 1036 re
819 993 893 1035 vera
915 971 1008 1054 pauci
1031 971 1184 1036 dicautur.

245 1079 311 1143 Iam
330 1080 514 1144 accedamus
533 1081 575 1146 ad
593 1079 726 1144 alterum
744 1079 970 1162 quaestionem,
984 1100 1064 1163 quae
1079 1083 1127 1143 est
1145 1078 1185 1142 de
1203 1083 1296 1142 tem·

156 1207 258 1269 pore,
286 1207 355 1270 quo
379 1186 543 1270 triginta
565 1187 636 1250 vIri
665 1193 752 1252 sunt
775 1187 964 1251 instituti:
993 1206 1087 1268 quam
1110 1181 1152 1248 ad
1174 1182 1297 1248 solven-

156 1294 229 1358 dam
247 1299 373 1376 praetor
387 1294 556 1360 deditionis
570 1294 654 1360 diem
667 1293 747 1358 hacc
760 1295 948 1377 scriptorum
962 1291 1143 1358 testimonia
1157 1295 1296 1355 exstant:

245 1399 268 1464 I.
305 1399 393 1466 Lecti
420 1407 494 1466 sunt
521 1401 653 1484 triginta
681 1402 753 1478 viri,
784 1401 968 1485 priusquam
995 1406 1165 1464 autumnus
1190 1395 1296 1474 fieret3

155 1508 219 1573 iIIIs
237 1509 321 1572 enim
343 1508 433 1574 lectis
452 1507 613 1592 Lysander
632 1505 759 1572 Samum
777 1507 937 1592 proiectus
955 1527 1137 1591 oppugnare
1160 1505 1295 1570 insulam

154 1615 308 1697 perrexit,
336 1637 399 1699 qua
425 1616 546 1680 tradita
569 1615 835 1680 Lacedaemonem
863 1614 960 1680 rediit
987 1618 1213 1690 τελευτῶντος
1235 1619 1297 1678 τοῦ

155 1717 280 1806 θέρους
303 1721 394 1806 (Χειι.
420 1722 458 1786 H.
483 1721 519 1787 G.
544 1721 584 1799 II,
607 1721 637 1798 3,
659 1721 704 1808 9).
751 1721 855 1805 Atque
878 1743 948 1788 cum
972 1721 1138 1786 verisimile
1161 1722 1216 1797 sit,
1239 1720 1296 1786 tri-

155 1829 244 1912 ginta
271 1829 345 1892 viris
373 1827 464 1893 lectis
489 1828 681 1911 Lysandrum
710 1850 770 1894 non
799 1831 906 1896 statIm
934 1827 1109 1913 proiectum
1137 1849 1213 1905 csse,
1240 1827 1296 1893 sed

155 1935 331 2018 complures
364 1934 431 2000 dies
460 1933 591 2000 Athenis
619 1937 783 2013 mansisse,
815 1939 950 2002 eundem
978 1935 1106 2001 Samum
1137 1957 1295 2001 reversum

155 2042 279 2126 longius
311 2027 434 2126 tenipus
465 2045 692 2127 consumpsisse
724 2045 755 2108 in
788 2043 868 2109 urbe
899 2043 1111 2127 oppugnanda
1141 2042 1296 2127 rebusque

155 2150 300 2215 omnibus
329 2149 505 2214 Samiorum
533 2149 805 2228 administrandis,
837 2157 912 2216 ante
939 2155 1111 2220 extremam
1143 2157 1297 2216 aestatem

156 2257 288 2341 triginta
311 2259 369 2322 viri
393 2256 466 2322 lecti
490 2277 557 2321 csse
580 2257 735 2321 videntur.

245 2364 285 2428 11.
321 2362 535 2448 Thrasybulus
555 2363 685 2447 Phylem
705 2365 868 2448 occupavit
886 2365 1062 2447 insequenti
1082 2365 1199 2442 hierom
1223 2387 1294 2431 unm

156 2473 287 2558 triginta
320 2473 394 2536 viris
426 2476 536 2536 contra
568 2492 637 2535 curn
675 2471 944 2554 proficiscentibus
981 2471 1080 2536 multa
1116 2474 1169 2536 nix
1202 2472 1295 2537 cadit.

156 2581 232 2644 Xon
257 2579 403 2656 11‚4,3
431 2577 632 2662 ἐπιγίγνεται
660 2586 718 2664 τῆς
744 2572 868 2655 νυκτὸς
897 2579 981 2663 χέων
1009 2571 1213 2666 παμπληθὴς
1240 2581 1296 2644 καὶ

158 2694 196 2770 τῇ
219 2679 383 2774 ὑστεραίᾳ.
430 2685 559 2750 Diodor.
578 2683 663 2762 XIV,
686 2687 739 2762 32,
762 2685 782 2749 2
806 2680 994 2772 ἐπεγενήθη
1017 2676 1123 2762 πολὺς
1147 2681 1295 2767 νιφετόςε

158 2793 197 2856 ad
224 2793 309 2877 quod
336 2792 454 2857 iactum
482 2796 626 2876 spectant
654 2793 722 2876 ipsa
748 2791 845 2862 vcrba
870 2791 1057 2877 Thrasybuli
1086 2793 1142 2856 καὶ
1169 2783 1231 2877 γὰρ
1260 2789 1296 2856 έν

158 2891 248 2987 aridia
269 2907 415 2983 χειμῶνα
438 2905 595 2965 ποιοῦσιν
620 2896 668 2985 (οἱ
691 2901 793 2984 θεοὶ),
822 2890 905 2966 ὅταν
927 2892 1006 2986 ἡμῖν
1029 2894 1179 2984 συμφέρῃ
1204 2898 1296 2984 (Χειι.

159 3007 197 3084 ΙΙ,
221 3007 251 3084 4,
278 3006 341 3092 14).
710 3079 712 3084 ,

244 3113 300 3179 III.
337 3111 481 3197 Triginta
506 3115 566 3178 viri
594 3133 652 3197 per
679 3117 750 3178 octo
773 3133 895 3178 meuses
922 3113 968 3178 roi
995 3113 1139 3198 publicae
1168 3112 1296 3196 praefu-

154 3228 254 3286 erunt.
300 3220 368 3284 Hoc
395 3219 497 3284 elucet
524 3219 729 3285 exoratione
753 3220 915 3296 CleocrIti‚
943 3241 1006 3304 qua
1031 3219 1145 3286 habita
1170 3225 1297 3303 postero

154 3327 206 3391 dio
229 3327 361 3410 triginta
378 3326 438 3390 viri
463 3327 593 3410 imperio
612 3328 790 3410 privantur:
813 3327 891 3393 ch.
912 3327 951 3406 II,
969 3327 1000 3404 4,
1019 3327 1056 3392 21
1085 3327 1141 3391 καὶ
1163 3318 1207 3413 μὴ
1226 3327 1297 3392 ael-

154 3429 261 3498 esces
284 3445 355 3509 τοις
374 3425 614 3511 ἀνοσιωτάτοις
632 3429 828 3519 τριάκοντα,
852 3434 886 3500 οἳ
908 3432 1005 3500 ἰδίων
1029 3428 1178 3519 κερδέων
1197 3429 1296 3500 ἕνεκα

155 3531 269 3624 ὀλίγον
298 3540 367 3605 δεῖν
394 3540 530 3617 πλείους
553 3531 779 3608 ἀπεκτόνασιν
804 3533 990 3631 Ἀθηναίων
1019 3540 1056 3608 ἐν
1084 3533 1176 3607 δκτώ
1198 3542 1297 3629 μησὶν

154 3637 175 3734 ἢ
197 3642 322 3724 πάντες
344 3643 615 3735 Πελοποννήσιοι
639 3643 720 3713 δέκα
744 3643 801 3736 ἔτη
823 3654 1057 3734 πολεμοῦντες.

244 3753 364 3832 Quibus
387 3755 576 3820 testimoniis
600 3756 789 3840 comparatis
815 3757 952 3840 primum
976 3777 1012 3826 eo
1035 3756 1235 3832 adducimur,
1263 3759 1298 3819 ut

156 3859 259 3924 Grotii
283 3862 472 3926 sententiam
491 3863 665 3940 reiciamus,
688 3863 741 3947 qui
765 3869 836 3929 octo
860 3862 931 3929 illos
949 3885 1080 3940 menses,
1103 3862 1217 3947 quibus
1240 3862 1297 3926 tri-

154 3968 244 4048 ginta
267 3967 325 4030 viri
348 3987 416 4032 rem
438 3968 596 4052 publicam
619 3971 772 4047 rexerint,
799 3972 873 4037 inde
896 3970 937 4035 ab
962 3968 1094 4036 Athenis
1117 3972 1217 4054 captis
1240 3989 1297 4034 nu·

155 4073 320 4139 merondos
343 4095 410 4140 esse
433 4083 547 4154 censet,
571 4077 616 4142 ita
639 4083 675 4141 ut
696 4099 716 4142 a
739 4099 845 4144 rnerrse
864 4077 967 4162 Aprili
989 4077 1148 4161 usquead
1167 4077 1298 4142 Decem-

153 4179 243 4244 brem
270 4203 408 4247 meusem
436 4183 614 4249 dominatus
642 4183 769 4248 illorum
796 4183 901 4249 luerit.
913 4187 938 4268 ¹)
989 4185 1120 4250 Constat
1148 4187 1232 4250 enim
1259 4207 1298 4250 ex

248 4325 266 4383 ¹)
287 4323 352 4378 VIII
372 4341 398 4392 p.
417 4324 452 4378 Ie
475 4324 556 4378 Their
575 4323 719 4379 domiairm
739 4325 902 4392 contiuued,
926 4326 1043 4380 without
1061 4343 1118 4396 any
1137 4327 1233 4382 amad
1251 4342 1298 4395 op·

151 4411 275 4480 position
293 4412 374 4468 οιοδε
392 4417 419 4467 to
438 4413 467 4484 it,
485 4413 532 4481 for
551 4416 635 4470 abaco
654 4413 726 4488 stylit
745 4415 853 4472 months
871 4414 945 4480 from
963 4416 1007 4474 thr
1021 4421 1138 4485 rapum
1152 4418 1185 4484 os
1195 4415 1299 4476 Aureae
