3272 4920
590 435 631 444 -
680 399 764 481 [aaa]
812 436 854 445 -
1232 403 1291 462 ras

160 587 268 670 nysius
290 593 448 668 aetatem,
475 607 538 670 qus
559 588 630 671 ipse
652 595 730 669 erat,
757 589 906 656 maximis
929 589 1078 654 laudibus
1101 589 1203 654 offert.
1251 591 1294 654 At

159 709 227 754 eum
250 690 310 756 hoe
336 691 544 774 praefationis
573 685 706 756 oonsilio
735 691 838 776 prima
867 693 975 756 statim
998 693 1097 757 verba
1126 700 1290 776 puguant:

161 792 350 871 „maximam
380 794 517 877 gratiam
548 793 622 859 huie
650 794 748 860 aetati
778 793 897 860 habere
924 795 1042 860 iustum
1070 794 1167 873 iuit“;
1200 796 1294 878 quasi

157 917 231 962 vero
253 897 372 962 iustum
395 917 468 963 esse
490 898 555 962 iam
577 895 720 963 desierit.
768 895 969 980 Quamquam
989 898 1164 982 Dionysius
1187 899 1293 983 planis

158 1000 261 1066 verbis
284 1001 421 1083 gratiam
445 1021 481 1066 se
503 1000 656 1066 habuisse
671 1000 750 1066 dioit
770 1021 802 1084 p.
822 1005 914 1066 449ιι
937 999 975 1066 τὸ
998 1001 1061 1084 μὲν
1084 996 1294 1088 εὐχαριστεῖν

157 1108 201 1186 τῷ
222 1101 469 1186 μεταβάλλοντι
484 1100 526 1167 τά
541 1100 725 1189 πράγματα
748 1100 859 1189 χρόνῳ
878 1153 885 1166 .
903 1155 909 1168 .
929 1153 934 1166 .
958 1099 1091 1191 ἀφήσω.
1139 1105 1231 1172 Hane
1250 1107 1291 1171 ob

156 1277 285 1323 oausam
301 1260 432 1325 verbum
456 1246 507 1344 ἦν,
534 1258 618 1342 quod
640 1258 858 1344 dittographia
880 1265 981 1323 ortum
998 1257 1125 1324 videtur
1145 1214 1288 1344 ίχάρίίίι),

157 1368 189 1426 ut
211 1383 232 1425 a
254 1361 401 1446 Dionysii
424 1361 557 1427 oonsilio
580 1363 720 1428 alienum
743 1361 915 1428 delendum
939 1383 1011 1428 esse
1034 1383 1162 1428 eeuseo.

240 1511 273 1574 p.
292 1493 399 1554 suess
426 1484 546 1577 Ἕτέρα
576 1490 614 1555 δέ
642 1514 692 1566 τις
720 1494 775 1574 (se.
795 1488 961 1578 ῥητορικὴ)
990 1490 1047 1556 ἐπὶ
1078 1489 1139 1578 τὴν
1164 1488 1291 1577 ἐκείνης

160 1596 214 1674 (so.
233 1599 291 1679 της
307 1586 450 1674 ἀρχαίας
466 1593 523 1656 καί
539 1590 734 1680 φιλοσόφου
750 1593 935 1682 ῥητορικῆς)
956 1596 1181 1680 παρελθοῦσα
1196 1592 1292 1674 τάξιν

159 1745 192 1759 ..
214 1745 221 1758 .
247 1690 287 1760 οὐ
306 1693 413 1779 μόνον
436 1690 633 1783 ίνέὐπορίᾳ
655 1697 712 1761 καί
735 1704 844 1784 τρυφῇ
868 1699 925 1762 καλ
947 1705 1063 1784 μορφῇ
1085 1699 1219 1763 πλείονι
1234 1703 1292 1784 τῑγς

156 1798 271 1884 ἑτέρας
289 1799 411 1885 διῐγγεν,
440 1793 525 1864 ἀλλὰ
548 1798 687 1878 καὶτὰς
710 1799 808 1884 τιμάς
831 1799 970 1878 καὶτὰς
993 1805 1204 1886 προστασίας
1227 1808 1292 1866 των

155 1899 289 1968 πόλεων
313 1951 320 1964 .
343 1953 349 1967 .
371 1952 378 1965 .
404 1903 452 1980 εἰς
476 1902 599 1990 ἑαυτὴν
614 1899 836 1990 ἀνηρτήσατο.
876 1905 957 1970 Cum
973 1905 1150 1972 rectissime
1166 1891 1292 1970 dicutur

155 2003 190 2069 ἐν
212 1999 358 2090 εὐπορίᾳ
380 2003 520 2090 διάγειν,
547 2005 583 2072 ἕν
605 2013 715 2092 τρυφῇ
739 2003 877 2091 διάγειν,
905 2007 1094 2072 locutionem
1118 2005 1154 2072 ἒν
1176 2013 1292 2093 μορφῇ

154 2105 282 2192 διάγειν
305 2129 368 2174 nou
390 2110 494 2174 solum
517 2131 538 2174 a
561 2129 707 2175 sermone
729 2109 851 2176 Graeco
881 2110 1020 2176 alienam
1048 2130 1130 2194 esse,
1165 2110 1223 2176 sed
1249 2131 1290 2176 ne

154 2231 283 2277 sensum
306 2211 434 2293 quidem
457 2212 556 2276 ullum
579 2213 733 2297 praebere
757 2213 811 2278 vix
834 2219 883 2278 est
905 2212 992 2296 quod
1012 2215 1158 2297 pluribus
1180 2232 1291 2298 perse-

153 2335 242 2396 quar.
283 2313 424 2394 Accedit,
452 2313 536 2397 quod
552 2315 727 2398 Dionysius
750 2315 783 2380 iu
798 2314 859 2381 hae
874 2315 1025 2400 prooemii
1041 2321 1133 2400 parte
1149 2315 1289 2398 diligen-

152 2425 200 2482 ter
215 2417 344 2500 siugula
359 2417 431 2484 oola
452 2417 498 2482 ita
513 2417 639 2498 struxit,
666 2424 702 2482 ut
715 2416 868 2502 bipertita
883 2425 1001 2500 essent,
1027 2438 1092 2482 nou
1111 2417 1286 2503 tripertita;

152 2520 192 2584 es.
217 2542 248 2606 p.
269 2525 346 2585 4456
370 2514 467 2607 ἡμὲν
482 2511 606 2606 άρχαία
623 2521 679 2584 καὶ
695 2515 887 2606 φιλόσοφος
906 2523 949 2600 (et
964 2519 1005 2586 de
1021 2519 1134 2586 eudem
1149 2540 1180 2604 p.
1197 2525 1288 2584 44612

151 2618 170 2710 ἡ
186 2625 249 2706 μὲν
264 2618 394 2712 Ἀττικὴ
411 2630 538 2690 Μοῦσα
559 2625 615 2688 καὶ
639 2618 763 2709 ἀρχαία
787 2625 844 2688 καί
859 2618 1066 2708 αὐτόχθων).
1107 2628 1184 2688 446ε
1201 2617 1291 2708 ἀφό-

152 2751 252 2813 ρητος
286 2729 343 2792 καί
371 2723 555 2812 ἀνάγωγος,
593 2747 707 2794 versa
737 2723 812 2792 οὔτε
844 2729 1053 2814 φιλοσοφίας
1087 2721 1159 2792 οὔτ’
1186 2722 1290 2793 άλλου

152 2828 384 2913 παιδεύματος
400 2825 547 2912 οὐδενός,
575 2851 658 2897 vers.
677 2857 690 2896 ε
712 2831 769 2894 καὶ
792 2827 852 2908 τὰς
874 2829 974 2914 τιμὰς
989 2833 1045 2896 καὶ
1061 2829 1122 2908 τὰς
1137 2853 1290 2917 προστα-

152 2939 237 3015 σίας,
265 2954 349 3000 vers.
368 2959 381 2997 s
397 2931 540 3021 φορτική
557 2959 607 3010 τις
622 2931 715 2998 πάνυ
731 2935 788 2999 καὶ
803 2929 940 3023 ὀχληρά,
966 2957 1052 3003 vers.
1073 2962 1097 3002 ω
1120 2942 1187 3002 τῶν
1202 2931 1290 3000 άσώ-

150 3064 218 3104 των
233 3039 290 3102 καὶ
304 3035 571 3120 κακοδαιμόνων,
595 3058 680 3104 vers.
694 3062 718 3102 11
737 3037 902 3125 ἐλευθέρα
918 3041 975 3105 καὶ
991 3038 1146 3126 σώφρων,
1166 3061 1250 3108 vers.
1264 3065 1289 3104 rr

150 3142 400 3225 σκυβαλίζουσα
434 3142 491 3210 καὶ
524 3142 751 3230 δεδιττομένη.
805 3145 864 3209 His
898 3143 938 3210 de
968 3145 1074 3210 causis
1104 3145 1206 3210 verba
1233 3145 1290 3210 καλ

148 3254 265 3334 μορφῇ
288 3255 362 3332 post
384 3247 440 3310 καὶ
462 3254 573 3333 τρυφῇ
597 3247 793 3314 confidenter
815 3248 902 3314 tollo.

236 3397 269 3460 p.
288 3381 410 3441 446σεε
429 3370 476 3442 Ἦ
495 3376 558 3459 μὲν
572 3371 704 3462 Ἀττικὴ
727 3381 855 3441 Μοῦσα
877 3375 934 3439 καὶ
958 3370 1081 3462 ἀρχαία
1108 3375 1165 3439 καί
1188 3370 1290 3441 αὐτό-

146 3485 248 3562 χθων
270 3474 392 3562 άτιμον
413 3477 547 3567 είλήφει
568 3486 680 3567 σχῆμα
702 3486 769 3544 τῶν
788 3477 908 3566 ἑαυτῆς
924 3478 1115 3544 ἐκπεσοῦσα
1131 3473 1285 3563 ἀγαθῶν·

148 3578 165 3670 ἡ
192 3578 225 3648 δ’
252 3583 287 3648 ἔκ
310 3608 413 3650 τινων
434 3582 626 3671 βαράθρων
646 3590 705 3670 τῆς
727 3581 842 3660 Ἀσίας
865 3581 967 3664 ἐχθὲς
989 3582 1046 3647 καί
1069 3579 1187 3668 πρώην
1208 3578 1290 3668 άφι-

148 3693 274 3774 κομένη
297 3693 426 3753 Μοῦσα
457 3682 476 3774 ἢ
500 3692 631 3774 Φρυγία
660 3711 711 3762 τις
740 3681 759 3772 ἢ
784 3685 936 3774 Καρικόν
961 3711 994 3750 τι
1021 3684 1127 3750 κακὸν
1156 3680 1176 3772 ἢ
1205 3682 1291 3770 βάρ-

145 3795 257 3875 βαρον
286 3783 479 3878 Ἑλληνίδας
512 3785 608 3876 ἠξίου
641 3789 782 3855 διοικεῖν
815 3788 944 3865 πόλεις.
1000 3787 1105 3854 λίσσεο
1139 3789 1290 3855 mendum

145 3895 188 3957 Α.
222 3893 438 3976 Kiessliugius
468 3895 598 3959 sustulit
632 3893 724 3978 (Mur.
759 3893 860 3960 Rhsu.
893 3893 1007 3957 XXIII
1036 3911 1068 3976 p.
1095 3893 1184 3974 253),
1217 3911 1290 3957 oum

146 3997 317 4062 verissime
333 3997 487 4080 Dionysio
511 3996 660 4063 redderet
683 3990 873 4084 ἀφικομένη
897 4001 939 4060 M
947 3994 1023 4081 ύση
1047 3990 1067 4082 ἢ
1092 3999 1224 4079 Φρυγία
1240 4017 1291 4070 τις

144 4100 233 4180 κτλ,
269 4099 310 4165 ol.
337 4099 405 4164 Cio.
427 4099 517 4164 Orat.
536 4102 555 4164 8
578 4101 653 4184 §25
699 4103 813 4184 Iraque
831 4099 929 4166 Corio
951 4107 983 4163 et
996 4096 1141 4182 Ρλιγηία
1163 4105 1195 4161 τί
1213 4100 1290 4181 My-

145 4204 208 4282 as’u,
236 4203 320 4287 qaod
339 4201 465 4266 minima
479 4203 604 4286 μοίίίαε
618 4201 806 4288 minimaque
822 4205 978 4288 είαγαοίεε
1000 4209 1083 4280 sunt,
1111 4201 1292 4266 ιιεείσενυαί

142 4314 256 4387 uptam
286 4305 351 4368 εαίε
381 4305 511 4368 συνίδετε
540 4308 678 4389 opimum
708 4309 864 4391 quoddam
897 4316 926 4370 εί
955 4315 1112 4386 umquam
1141 4305 1292 4386 αιίίμαίατ
