3304 4928
341 407 384 473 34
778 447 819 457 -
866 408 961 492 [ns]
1007 447 1049 458 -

342 603 474 667 dictioni
496 603 625 685 aliquid
647 605 822 686 grauitatis
842 603 1041 680 comittere&
1065 604 1204 686 Toupius
1215 603 1240 688 ¹)
1260 603 1397 685 denique
1420 623 1491 666 ree

342 715 420 785 tam,
453 730 517 790 que
547 709 600 774 liic
631 710 718 774 locus
747 711 852 774 senari
881 714 1000 791 posset,
1033 711 1117 774 uiam
1144 708 1305 791 ingressus
1333 729 1401 773 esse
1429 707 1494 772 sibi

342 815 428 879 uisus
452 820 509 892 est,
534 836 604 880 cum
623 815 740 880 Suirlae
764 816 953 898 scripturam
976 837 996 880 a
1018 837 1095 880 uero
1114 817 1255 899 proxime
1273 815 1383 880 abesse
1402 821 1494 880 ratus

342 925 409 1016 ίαμι
432 923 524 986 αιοίιύ
547 927 612 985 tem
637 923 788 986 atticismi
810 924 920 1005 gretia

547 1030 729 1108 ξυναυλίαν
752 1023 969 1115 πενθήσομεν
992 1019 1156 1112 Ὀλύμπου
1180 1023 1287 1111 νόμον

341 1135 649 1217 reponendum'esse
671 1140 821 1200 moneret.

432 1242 475 1306 At
506 1241 586 1306 male
618 1242 670 1307 hio
696 1249 798 1306 metro
826 1243 1018 1307 consuluisse
1045 1242 1175 1306 uidetur
1201 1243 1252 1306 uir
1279 1241 1493 1313 doctissimum

343 1348 459 1411 etenim
491 1348 639 1430 quoniam
672 1349 847 1412 docuerunt
874 1349 1044 1425 Personas,
1077 1347 1113 1412 G.
1142 1347 1354 1423 Hermaeum,
1386 1347 1492 1410 West-

342 1453 467 1536 phallus
500 1475 661 1518 caesuram
689 1461 761 1536 post
788 1454 967 1520 absolutum
994 1455 1106 1538 pedem
1133 1455 1267 1519 alterum
1285 1454 1344 1518 ita
1366 1457 1493 1517 tantum

341 1561 428 1643 apud
450 1565 559 1644 poetes
583 1561 720 1642 tragicos
744 1561 939 1643 comicosque
964 1561 1039 1625 lerri
1062 1567 1222 1644 possent
1245 1560 1338 1625 simul
1361 1579 1494 1624 caesura

342 1665 629 1749 hephthemimeres
649 1668 680 1730 in
696 1665 805 1730 eodem
820 1688 913 1731 uersu
929 1667 1149 1744 intercederet,
1167 1667 1241 1732 huic
1254 1665 1381 1749 regulae
1396 1666 1492 1729 satis·

345 1772 420 1836 lecit
442 1793 552 1837 uersus

515 1881 698 1959 ξυναυλίαν
718 1881 722 1962 Ι
743 1875 941 1963 κλαύσωμεν
962 1880 966 1965 l
989 1872 1171 1965 Ούλύμπου
1199 1876 1317 1964 νόμον,

342 1983 530 2049 obuersatur
551 2006 671 2063 uersus,
695 1986 797 2069 qualis
820 2008 839 2050 a
862 1987 983 2070 Toupio
1007 2009 1024 2050 o
1048 1986 1147 2052 Suida
1169 1987 1336 2052 restitutus
1359 1988 1422 2049 est:

547 2093 728 2172 ξυναυλίαν
750 2090 967 2178 πενθήσομεν
986 2085 1149 2176 Ὀλύμπου
1173 2089 1288 2176 νόμον.

342 2197 446 2272 Quare
470 2202 643 2278 statuemus
667 2199 809 2263 consulto
833 2199 892 2264 hoe
915 2199 984 2264 loeo
1004 2199 1249 2282 Aristophanem
1271 2197 1403 2262 formam
1425 2190 1490 2260 Θύ-

342 2299 475 2385 λύμπου
502 2304 698 2381 adhibuisse,
729 2311 766 2368 ut
793 2305 845 2368 uel
877 2325 954 2368 sono
986 2307 1155 2370 clamorem
1183 2306 1397 2387 gemitumque
1425 2325 1490 2366 ser-

342 2430 454 2472 uorum
478 2411 688 2494 depingeret

430 2517 488 2581 His
517 2517 635 2582 similes
663 2524 773 2581 extant
800 2518 922 2601 aliquot
950 2517 1023 2593 loci,
1051 2518 1166 2600 quibus
1195 2515 1309 2582 Suidas
1338 2537 1414 2580 uoce
1437 2515 1490 2578 uel

343 2624 551 2703 puiececlento
579 2622 629 2685 uel
662 2625 848 2704 insequente
876 2624 1026 2706 deceptus
1055 2623 1276 2706 Aristophanis
1306 2623 1404 2687 uerba
1431 2624 1490 2686 im-

327 2730 493 2792 mutauit:
518 2729 618 2791 ueluti
642 2750 667 2791 v.
687 2729 752 2793 502
773 2721 860 2814 ἥξεις
879 2725 1057 2811 στεφάνοις
1079 2725 1304 2809 κατάπαστος,
1328 2728 1381 2792 ubi
1402 2719 1490 2813 ἥξεις

344 2855 400 2913 pro
426 2829 539 2910 ἔλθοις
562 2857 600 2898 ox
624 2857 650 2898 v.
674 2835 738 2898 497
757 2828 882 2917 χαλποος
901 2875 942 2884 -
962 2827 1049 2922 ἥξεις
1072 2833 1175 2900 πάλιν
1200 2837 1233 2898 in
1256 2835 1341 2899 hunc
1364 2855 1488 2898 uersum

343 2941 589 3022 transmigrauit.
646 2939 800 3004 Similiter
827 2944 947 3006 errauit
970 2942 1001 3005 in
1032 2965 1057 3006 v.
1084 2943 1169 3006 1312
1198 2939 1253 3007 ἐπὶ
1280 2933 1320 3005 τὸ
1347 2945 1490 3026 Θησεῖον

342 3043 416 3124 (orn.
440 3041 634 3127 πλεούσαις)
657 3039 678 3132 ἢ
702 3045 850 3111 ἐπὶτῶν
875 3051 1019 3131 Σεμνῶν
1042 3056 1147 3126 θεῶν,
1174 3055 1269 3132 etque
1294 3049 1325 3110 iu
1349 3070 1375 3111 v.
1404 3047 1489 3109 1355

342 3147 539 3234 αἰσχύνομαι
565 3164 636 3227 ταῖς
663 3153 843 3236 προτέραις
870 3145 1044 3238 ἁμαρτίαις
1070 3176 1128 3236 pro
1151 3149 1320 3239 πρότερον
1344 3152 1490 3218 exorauit

340 3257 532 3341 προτίραιςς
564 3260 658 3321 etiam
692 3259 724 3322 in
758 3281 783 3322 v.
812 3259 873 3325 311
910 3253 1192 3345 ἅναιιεκολφηκας,
1225 3281 1304 3344 quae
1335 3280 1398 3322 uox
1430 3279 1489 3340 pro

342 3359 617 3449 rxxsxeppxagn
655 3372 786 3447 propter
818 3359 1096 3452 ἀνατετυρβακώς
1128 3389 1239 3432 uersus
1270 3365 1489 3450 praecedentis

341 3467 422 3531 talso
446 3491 466 3532 a
489 3469 587 3533 Suide
610 3471 736 3553 depicta
759 3478 814 3536 est.

431 3681 566 3747 Leuiora
597 3691 703 3748 eutem
736 3685 816 3748 uitia
843 3690 876 3749 ot
907 3685 1068 3749 oculorum
1097 3706 1205 3749 errore
1235 3691 1307 3748 orta
1333 3685 1393 3748 etsi
1425 3705 1488 3748 non

341 3796 427 3851 certo
451 3795 556 3871 potest
582 3790 716 3854 discerni
741 3794 846 3854 utrum
870 3792 931 3874 ipsi
956 3789 1074 3855 Suidao
1102 3813 1143 3855 nn
1167 3770 1310 3855 codicum
1333 3787 1488 3854 Suidano-

341 3915 411 3956 rum
433 3894 572 3959 librariis
595 3896 717 3960 crimini
742 3898 847 3961 denda
871 3899 947 3973 sint,
971 3897 1050 3960 haee
1073 3905 1176 3961 tamen
1202 3918 1283 3979 quae
1306 3900 1488 3980 sequuntur,

341 4000 416 4082 quie
442 4003 542 4084 magis
570 4001 783 4086 compilatoris
805 4024 922 4086 paucos
949 4023 1059 4067 uersus
1091 4009 1182 4068 extra
1209 4003 1350 4068 ordinem
1380 4003 1487 4066 decer-

341 4107 444 4188 pentis
481 4131 574 4190 quarn
610 4110 732 4174 librarii
766 4115 866 4174 totam
898 4108 1039 4174 fabulam
1071 4110 1251 4174 continuam
1288 4109 1488 4192 depingentis

342 4270 552 4278 ——-.—-

413 4356 431 4409 ¹l
451 4355 582 4408 Emendd.
603 4355 630 4408 in
650 4356 761 4409 Suidam
782 4357 821 4411 lll
841 4371 884 4424 pg.
906 4357 966 4411 438.

412 4441 432 4506 ⁹)
452 4459 520 4495 corr.
541 4443 660 4496 Dinrlorl
678 4440 898 4512 ἐκκεκώφωκας.
