3280 4934
347 298 386 362 14
774 337 813 346 -
861 300 957 382 [110]
1005 337 1047 346 -

342 499 524 559 memorata
573 493 649 558 Ideo
681 495 790 570 ctiam,
822 494 877 576 qui
904 494 1016 560 ceteris
1047 493 1081 558 in
1108 495 1203 559 rebus
1230 493 1411 560 Scheibium
1437 517 1486 560 se-

343 606 465 678 cuntur,
488 599 585 666 verba
605 601 683 686 περὶ
705 607 763 686 τῆς
786 595 917 687 εἰρήνης
939 601 1034 666 aliter
1056 602 1258 684 interpretati
1282 609 1363 668 sunt

432 708 478 774 Ac
502 707 793 793 Westermarmus1)
817 729 875 791 pro
899 708 1003 772 verbis
1026 709 1184 796 περὶπής
1208 705 1347 796 εἰρήνης,
1371 713 1487 794 quippe

343 836 424 900 quae
460 819 635 899 repugnent
676 815 773 897 ipsius
810 815 999 891 sententiae,
1040 815 1239 880 scribendum
1276 839 1345 883 esse
1380 822 1487 882 censet

341 923 420 1007 περὶ
441 929 500 1010 τῆς
518 921 688 998 πολιτείας
701 901 1029 1006 ’ἆορεονοίίοοειοηοο
1051 923 1214 988 socordiae
1236 923 1359 990 librarii
1383 925 1486 989 cuius-

342 1031 416 1094 dam
448 1029 664 1114 imputandam
697 1035 811 1094 censet.
874 1028 978 1106 „Nam
1010 1029 1110 1113 pacis,
1147 1030 1263 1115 inquit,
1300 1031 1486 1096 vccabulum

341 1137 416 1202 inde
439 1158 459 1202 a
480 1141 500 1218 ξ
523 1135 544 1200 i)
567 1136 741 1201 identidem
764 1137 967 1201 decantatum
990 1135 1082 1201 facile
1106 1137 1191 1202 credi
1219 1143 1325 1221 potest
1349 1139 1406 1204 tali
1430 1137 1485 1204 ho·

341 1243 419 1328 mini
450 1250 516 1308 tam
543 1241 677 1308 firmiter
709 1244 741 1308 in
768 1242 898 1308 auribus
930 1263 967 1308 ac
993 1244 1145 1308 memoria
1176 1243 1327 1322 haesisse,
1357 1249 1395 1309 ut
1426 1246 1486 1310 hoc

342 1371 466 1436 quoque
489 1351 566 1428 loce,
588 1351 644 1415 uhi
668 1349 754 1416 eliud
777 1352 893 1433 agitur,
916 1351 1033 1414 invitus
1052 1351 1142 1434 quasi
1165 1356 1198 1416 et
1219 1351 1336 1418 inscius
1354 1373 1485 1436 repone-

342 1463 417 1523 ret.“
467 1457 537 1522 Non
564 1456 697 1522 multum
729 1477 749 1520 a
776 1456 1015 1522 Westermanno
1042 1457 1178 1522 discedit
1204 1459 1486 1544 Frohhergerus2),

342 1565 395 1650 qui
427 1587 497 1630 cum
524 1565 585 1630 sibi
616 1585 680 1628 nou
711 1564 900 1647 persuadeat
932 1563 1029 1629 verba
1060 1565 1138 1649 περὶ
1169 1573 1227 1653 τῆς
1253 1567 1425 1642 πολιτείας
1452 1567 1484 1630 in

341 1673 420 1756 περὶ
440 1679 499 1758 τῆς
522 1667 654 1757 εἰρήνης
676 1671 848 1754 depravata
871 1691 948 1748 esse,
970 1671 1049 1736 haee
1070 1671 1292 1755 interpolatori
1315 1672 1485 1737 tribuenda

342 1799 410 1844 esse
432 1783 552 1854 censet,
579 1780 632 1862 qui
660 1798 730 1842 cum
753 1781 848 1842 antea
870 1778 971 1842 multa
992 1778 1033 1842 de
1056 1799 1133 1861 pace
1156 1779 1296 1862 legisset,
1324 1785 1360 1844 ut
1383 1779 1484 1845 oratio

341 1885 482 1968 perfecta
509 1892 604 1969 atque
632 1884 789 1950 absoluta·
804 1885 965 1961 evaderet,
992 1905 1030 1950 ea
1056 1885 1216 1950 adiecerit
1266 1884 1484 1969 Frohbergero

341 2013 470 2075 prorsus
494 1990 706 2074 adstipulatur
728 1992 891 2056 Rennerus
915 1990 959 2076 (p.
986 1993 1034 2057 16.
1062 1991 1125 2077 17).

430 2101 472 2164 At
494 2119 603 2165 eorum
625 2099 796 2176 sententia,
823 2099 876 2183 qui
904 2099 951 2162 ita
978 2097 1052 2163 huic
1079 2100 1126 2163 rei
1150 2096 1355 2164 difficillimae
1382 2099 1484 2166 lucem

341 2205 454 2272 afferre
476 2206 599 2283 volunt,
621 2211 658 2271 ut
680 2210 737 2270 aut
759 2209 922 2270 mutentur
944 2209 1000 2270 aut
1023 2205 1188 2270 deleantur
1211 2205 1308 2271 verba
1329 2205 1485 2291 quaedam

342 2313 501 2397 ceteroqui
525 2315 609 2378 omui
633 2313 809 2396 suspicione
833 2333 939 2390 vacua,
962 2311 1055 2395 plane
1078 2312 1238 2379 reicienda
1260 2319 1315 2379 est

430 2419 491 2484 Sed
506 2419 689 2502 priusquam
702 2419 751 2483 his
766 2420 806 2483 de
819 2417 923 2483 verbis
940 2418 1032 2502 plura
1045 2419 1219 2503 loquamur,
1232 2421 1371 2487 virorum
1385 2441 1483 2504 popu·

341 2527 456 2591 larium
479 2527 618 2591 consiliis
642 2525 764 2612 omissis
787 2525 829 2590 ad
856 2547 893 2590 ea
916 2547 1008 2608 quae
1031 2531 1116 2609 post
1143 2549 1269 2610 pacem
1292 2531 1483 2611 acceptam

341 2632 566 2710 factasunt,
593 2622 798 2698 transeamus.
850 2631 968 2715 Atque,
994 2639 1031 2696 ut
1058 2633 1120 2698 iam
1148 2634 1296 2711 vidimus,
1319 2632 1483 2699 Scheibius

341 2742 457 2826 quique
476 2761 547 2805 eum
566 2741 665 2804 secuti
684 2745 766 2816 sunt,
783 2761 861 2823 pace
879 2745 1009 2823 accepta
1027 2739 1224 2823 Lysandrum
1238 2740 1484 2806 Atheniensibus

341 2869 446 2913 muros
474 2847 653 2912 deiciendos
684 2847 855 2911 tradidisse
883 2852 1024 2924 censent,
1056 2847 1158 2931 ipsum
1185 2847 1312 2914 Samum
1339 2853 1482 2914 avectum

341 2977 408 3021 esse
435 2955 572 3038 indeque
597 2953 672 3017 viris
699 2952 906 3036 popularibus
933 2953 966 3018 in
990 2975 1148 3020 carcerem
1171 2955 1319 3022 coniectis
1342 2955 1483 3020 Athenas

340 3062 460 3128 redisse
483 3066 516 3126 et
538 3069 605 3125 tum
629 3061 754 3124 demum
776 3081 871 3125 naves
890 3060 1117 3126 comburendas
1137 3062 1295 3126 curavisse
1316 3082 1483 3144 murosque

341 3167 521 3243 diruendos,
544 3189 614 3231 oum
637 3166 847 3231 Athenienses
871 3165 975 3232 officio
998 3166 1179 3233 defuissent.
1189 3169 1217 3254 ³)

430 3275 497 3340 Iam
523 3275 573 3339 his
600 3295 724 3362 quoque
753 3275 785 3337 iu
812 3273 907 3338 rebus
930 3275 1114 3340 ordinandis
1139 3297 1191 3340 eos
1215 3277 1368 3340 erravisse
1397 3297 1482 3340 com-

340 3381 552 3467 probabimus.
599 3381 668 3458 Qna
695 3383 726 3444 in
756 3403 790 3445 re
818 3403 856 3445 ex
884 3387 975 3465 parte
1001 3383 1048 3446 uti
1077 3381 1150 3446 licet
1179 3383 1236 3458 eis,
1268 3405 1348 3467 quae
1372 3382 1483 3448 Stede-

341 3488 495 3572 feldtus⁴)
518 3489 670 3571 exposuit.
717 3488 912 3570 Quamquam
935 3489 974 3553 de
998 3488 1124 3553 riarium
1147 3488 1381 3556 combustarum
1404 3497 1483 3554 tcm-

341 3617 417 3680 pore
440 3615 521 3680 quae
544 3593 757 3660 Stedefeldtus
780 3617 810 3678 p.
837 3597 876 3659 12
901 3595 1073 3678 disputavit
1105 3597 1217 3661 omitto
1250 3595 1381 3672 reterre,
1413 3617 1483 3662 cum

341 3704 467 3769 omnino
508 3722 602 3766 naves
642 3723 705 3767 nou
737 3722 805 3766 esse
841 3702 1019 3767 combustas
1060 3701 1143 3767 infra
1183 3703 1395 3787 probaturus.
1415 3703 1483 3768 sim.

432 3917 451 3974 ¹i
469 3915 662 3970 Westermann
682 3913 856 3982 quaestiones
877 3913 1018 3985 Lysiacae,
1039 3915 1151 3985 Lipsiae
1172 3917 1248 3980 1860,
1272 3917 1292 3970 Ι.
1317 3933 1342 3984 p.
1363 3916 1441 3970 4-5.

430 4003 643 4071 ’iFrohbergcr
670 4005 854 4072 cuspeiodhltc
877 4003 973 4058 Redeo
1001 4005 1048 4058 des
1071 4003 1181 4074 Ιηείαο,
1210 4004 1326 4074 Leipzig
1350 4007 1431 4070 1866,
1461 4005 1482 4058 Ι.

341 4111 367 4162 p.
389 4095 429 4147 18.
449 4092 512 4147 adn.
532 4093 567 4146 ad
587 4091 661 4157 XIII,
682 4095 723 4148 17.
761 4093 796 4147 cf.
815 4094 857 4148 ed.
878 4093 941 4147 min.
964 4095 1032 4149 lato
1051 4109 1076 4162 p.
1097 4095 1139 4148 94.

431 4179 507 4268 'iUt
525 4182 597 4236 hunc
616 4197 707 4236 rerum
721 4183 844 4238 ordinem
863 4182 1048 4246 instituerent,
1067 4182 1134 4236 moti
1154 4189 1217 4238 sunt
1236 4180 1265 4234 ni
1283 4180 1366 4236 fallor
1381 4182 1482 4252 Lysiae

374 4313 379 4324 .
441 4271 474 4335 Ι,
531 4312 537 4324 .

341 4287 372 4325 ⁰¹
400 4271 669 4429 xhiliiddtedefoldt
683 4363 716 4416 de
728 4360 862 4432 Lysandri
877 4359 1035 4414 Plutarchci
1050 4359 1172 4414 fontibus
1187 4362 1298 4414 Bonnae
1312 4360 1386 4420 1867,
1402 4377 1429 4428 p.
1442 4363 1483 4414 13.
