3280 4934
336 400 378 464 38
777 437 820 448 -
866 400 941 484 [or]
986 439 1029 448 -

337 595 521 660 Mutinensis
552 595 719 662 collatione
751 595 907 662 instituta.
961 595 1079 662 Tamen
1110 599 1147 658 ut
1172 593 1353 660 Nietzsrlrio
1381 633 1420 644 -
1452 595 1481 658 is

335 703 416 768 enim
441 723 513 766 cum
534 703 830 768 commentationem
853 723 942 768 suam
965 701 1126 779 scriberet,
1148 701 1221 767 illos
1242 723 1352 768 versus
1377 704 1480 785 repeti

335 808 473 875 nondum
501 817 698 893 compererat
725 847 767 858 -
795 809 1002 876 satisfaciam:
1034 831 1074 876 nc
1101 809 1153 876 hia
1179 809 1308 892 quidem
1335 808 1480 876 distichis

335 917 481 1000 repetitis
498 916 559 980 riri
581 915 756 982 doctissimi
778 917 886 1000 opinio
908 915 1120 982 confirmatur.
1165 916 1276 1002 Neque
1294 919 1423 982 omnino
1440 937 1481 982 1ο

334 1022 382 1086 uti
403 1022 480 1088 licet
502 1023 535 1088 in
557 1021 618 1088 lma
640 1023 824 1090 collectione
845 1030 1045 1106 argumento,
1072 1045 1135 1108 qno
1157 1023 1191 1086 in
1214 1024 1320 1107 priore
1342 1025 1385 1088 ad
1406 1043 1479 1088 scn-

333 1131 506 1196 tenticrum
523 1129 665 1196 ordinem
685 1129 909 1196 declarandum
926 1130 1125 1198 Nietraehins
1142 1151 1218 1196 usus
1235 1136 1293 1208 eet,
1315 1130 1391 1196 olim
1408 1151 1479 1196 eam

335 1235 430 1304 luisse
453 1236 611 1302 similibus
629 1236 733 1302 verbis
752 1243 944 1321 pertextam.
978 1237 1060 1304 Nam
1078 1237 1233 1322 siquidem
1251 1237 1366 1321 prioris
1384 1237 1480 1321 syllo-

333 1362 394 1424 gae
416 1343 594 1428 fragmento
615 1343 765 1410 similium
788 1344 1009 1410 vocabulorum
1033 1365 1094 1428 ope
1115 1345 1275 1428 quondam
1292 1365 1411 1410 conexa
1428 1345 1478 1409 vel

333 1450 439 1532 potius
466 1450 683 1535 conglutinata
709 1473 777 1517 esse
803 1452 895 1518 nobis
922 1451 1111 1518 videbantur
1133 1451 1175 1518 ud
1197 1451 1380 1516 memoriam
1402 1471 1480 1534 pue-

333 1577 441 1622 rorum
463 1559 688 1635 adiuvandam,
713 1559 745 1622 in
769 1557 829 1624 hac
850 1559 972 1624 minora
995 1559 1116 1643 sylloge
1138 1559 1293 1624 eiusmodi
1315 1559 1478 1624 adiumen-

334 1669 401 1728 tum
420 1684 535 1728 rannm
554 1665 649 1731 fuisse
667 1671 809 1749 apparet,
826 1666 943 1750 quippe
961 1687 1057 1749 quern
1075 1666 1117 1732 ed
1135 1667 1346 1732 instituendos
1364 1685 1480 1748 pueros

334 1791 354 1836 a
376 1773 590 1853 grammaticis
617 1793 765 1855 nmquam
792 1779 848 1838 aut
875 1774 1079 1856 compositam
1101 1780 1159 1839 cut
1180 1772 1357 1838 adhibitam
1381 1770 1479 1836 luisse

334 1877 386 1942 vix
408 1877 572 1961 quisquam
595 1879 775 1946 crediderit

423 1983 491 2049 lam
509 2005 582 2052 vero
605 1987 777 2069 quaeritur,
800 2008 863 2070 quo
885 1988 979 2054 modo
1002 1987 1081 2054 hacc
1102 1987 1246 2054 collectio
1268 1984 1406 2054 conflata
1426 1986 1479 2050 sit.

333 2093 438 2174 Atque
461 2114 488 2156 r.
511 2093 540 2158 d
563 2092 673 2177 Meyus
695 2113 778 2171 ,cem
801 2101 925 2176 partem
947 2093 1128 2178 elegiarum,
1150 2115 1231 2178 quae
1254 2091 1409 2176 ἐλεγείων
1432 2086 1477 2154 13'

334 2198 517 2264 inscribitur
533 2205 635 2266 totam
652 2201 793 2284 perodiis
812 2200 975 2268 contineri’
994 2201 1124 2279 iudicat,
1141 2219 1274 2283 eamque
1287 2199 1479 2265 sententiam

334 2307 366 2370 in
389 2306 485 2372 tertio
508 2307 663 2390 opusculi,
686 2307 771 2391 quod
793 2328 891 2391 supra
912 2308 1080 2385 nominavi,
1102 2309 1207 2392 eapite
1229 2307 1368 2372 illustrat
1389 2324 1477 2370 com-

334 2413 445 2495 positis
467 2413 514 2478 eis
536 2413 687 2492 versibus,
710 2413 743 2477 in
766 2413 881 2498 quibus
903 2415 1068 2498 perediam
1090 2414 1152 2480 sibi
1170 2416 1325 2480 invenisse
1343 2412 1477 2477 ridetur.

334 2519 371 2584 ln
394 2520 478 2586 idem
500 2520 651 2586 iudicium
674 2519 798 2586 abierat
820 2522 884 2587 iam
903 2520 1093 2598 Welckerus‚
1115 2521 1234 2604 aliique
1252 2521 1312 2586 riri
1335 2519 1422 2584 docti
1443 2518 1477 2582 in

334 2648 373 2692 ea
394 2629 529 2694 maxime
550 2650 584 2694 re
606 2627 784 2694 consentire
806 2628 961 2694 videntur.
1007 2629 1202 2713 Quamquam
1224 2628 1265 2692 de
1287 2625 1478 2710 quibusdam

334 2733 476 2800 versibus
507 2741 613 2800 utrum
645 2735 678 2800 iu
709 2734 912 2818 parodiarum
943 2755 1073 2802 numero
1104 2734 1243 2802 habendi
1275 2733 1339 2799 sint
1370 2752 1478 2808 necne,

334 2841 505 2925 disceptari
527 2848 639 2926 potest.
651 2843 676 2928 ¹)
723 2841 804 2906 Nam
826 2842 910 2907 haud
935 2843 1048 2926 enigma
1070 2863 1144 2926 pars
1162 2861 1307 2907 versuum
1329 2840 1371 2904 ad
1393 2838 1478 2906 hunc

334 2949 489 3016 rationem
524 2950 718 3016 variatorum
758 2948 839 3014 adeo
874 2950 982 3033 inepte
1022 2954 1214 3016 commutata
1250 2953 1284 3014 et
1319 2954 1386 3012 tam
1422 2945 1477 3010 vili

334 3053 469 3120 artificio
492 3055 620 3120 condita
643 3062 704 3133 est,
730 3061 767 3120 ut
793 3057 997 3139 parodiarum
1023 3057 1151 3123 nomine
1177 3077 1289 3141 purum
1316 3054 1406 3139 digni
1428 3053 1478 3118 ui-

334 3161 477 3228 deantur.
522 3161 619 3227 Recte
645 3163 744 3248 igitur
773 3163 921 3228 admonet
944 3163 1224 3249 Herrrerdenusr²)
1251 3183 1328 3240 ‚non
1351 3159 1477 3225 ridendi

333 3289 430 3334 causa
455 3269 551 3354 (nihil
578 3269 661 3334 enim
688 3270 814 3335 inistis
837 3273 929 3354 nugis
951 3276 1008 3336 aut
1030 3270 1124 3336 faceti
1147 3277 1203 3335 aut
1229 3269 1356 3336 ridiculi
1379 3269 1477 3354 inest)

334 3375 398 3441 illis
420 3397 496 3441 usus
518 3396 586 3441 esse
608 3377 687 3441 mihi
710 3376 837 3441 videtur
863 3377 919 3461 (is,
948 3378 1002 3460 qui
1024 3375 1108 3442 hunc
1130 3376 1272 3443 libellum
1295 3373 1478 3459 congessit),

334 3483 389 3548 sed
421 3487 489 3547 tum
521 3503 584 3565 quo
615 3481 739 3548 facilius
765 3483 884 3566 ingenii
911 3483 961 3548 sui
992 3484 1155 3549 sterilitati
1187 3490 1376 3560 occurreret,
1408 3486 1477 3546 tum

334 3589 429 3654 etiem
448 3589 590 3668 fortasse,
607 3594 645 3653 ut
663 3591 724 3655 isto
742 3611 799 3672 pro
818 3589 964 3674 genuinis
977 3590 1156 3656 venditaret
1172 3590 1379 3676 popularibus
1393 3587 1477 3654 suis’

335 3695 421 3762 Haec
440 3697 509 3780 ipsa
523 3695 770 3779 fragmentorum
789 3697 931 3763 condicio
950 3719 1020 3763 cnm
1039 3699 1116 3764 satis
1135 3698 1330 3764 demonstret
1346 3696 1388 3762 ab
1406 3696 1477 3778 ipso

333 3801 516 3885 Theognide
539 3823 601 3867 non
625 3803 731 3868 omnia
753 3804 892 3887 potuisse
915 3806 1070 3889 componi,
1091 3804 1273 3870 Welckerus
1294 3809 1327 3868 et
1348 3824 1420 3868 cum
1439 3822 1476 3868 eo

333 3929 360 3973 v.
379 3909 409 3973 d.
428 3907 538 3992 Meyus
556 3909 707 3975 audacius
726 3915 894 3976 autument
911 3933 959 3988 ,ne
977 3933 1072 3977 unum
1093 3911 1219 3996 quidem
1238 3931 1361 3976 versum
1379 3909 1412 3973 in
1431 3907 1477 3973 eis

333 4015 467 4100 reperiri
485 4015 526 4081 ab
546 4016 614 4099 ipso
634 4015 810 4101 Megarensi
828 4021 924 4102 potita
942 4019 1121 4085 eonditum?
1337 4023 1340 4028 '

422 4123 505 4190 Sene
533 4145 559 4188 1.
578 4144 606 4207 g.
635 4145 741 4191 versus
768 4125 1008 4202 laen-1240,
1036 4127 1076 4192 do
1099 4125 1214 4208 quibus
1235 4125 1342 4209 paullo
1365 4123 1477 4210 111111)

337 4239 544 4248 .-..———--

424 4285 443 4338 ¹l
463 4281 511 4336 clr.
531 4281 709 4339 Rintelenum
727 4301 754 4355 p.
774 4287 809 4342 38
828 4303 886 4355 sqq.

424 4371 512 4434 ectr.
532 4388 584 4427 ren
603 4373 816 4430 Herwerdenum
836 4391 862 4443 p.
883 4377 924 4428 15.

423 4460 442 4526 ³)
461 4459 524 4515 ride
542 4477 569 4530 p.
589 4464 631 4517 91.
