3304 4928
615 474 655 484 -
702 434 795 524 [aas]
844 475 884 484 -
1301 441 1321 505 a

177 631 265 696 ribus
289 629 401 716 (veluti
423 631 508 694 aicit
530 632 627 696 aureis
650 671 692 680 -
715 651 850 711 menses·
876 653 908 697 se
932 634 1009 698 uino
1031 635 1118 720 etc),
1146 637 1323 702 consentire

178 737 333 802 videntur.
384 736 530 803 Ceterum
558 760 634 804 num
661 740 854 823 comparatio
881 745 1030 806 accurata
1056 747 1152 825 atque
1178 743 1324 810 minimas

179 867 318 929 quasque
328 867 378 910 res
393 852 538 929 spectans
548 846 632 911 idem
641 847 822 930 profectura
832 849 874 912 sit
883 854 979 930 atque
988 849 1021 913 in
1032 849 1157 914 formali
1167 871 1323 932 gramma

178 953 260 1018 tieae
283 959 383 1037 parte,
407 953 606 1019 vehementer
630 954 755 1019 dubito:
778 956 812 1018 in
834 955 979 1039 partibus
998 956 1080 1021 enim
1099 959 1274 1040 syntactiea
1291 964 1324 1023 et

179 1060 402 1142 lexicographa
427 1061 597 1126 secundum
621 1061 759 1126 indolem
782 1062 956 1128 incolarum
975 1064 1109 1128 maiores
1128 1063 1323 1130 differentias

179 1167 349 1250 aliquando
369 1167 555 1249 indagatum
575 1170 614 1232 iri
630 1169 770 1251 suspicor
786 1170 869 1234 iuter
882 1170 1078 1253 singularum
1091 1171 1323 1253 provinciarum

179 1273 296 1338 titulos.
330 1273 502 1351 Quominus
521 1281 627 1338 autem
646 1296 716 1339 cum
731 1275 939 1358 scriptoribus
950 1276 1106 1342 Africanis
1116 1279 1143 1364 ¹)
1158 1278 1324 1345 titulorum

179 1387 359 1446 nostrorum
386 1381 643 1447 cousuetudinem
673 1388 852 1446 constanter
876 1383 1065 1461 conferrem,
1093 1384 1324 1468 prohibuerunt

178 1488 284 1552 studia
311 1509 382 1552 mea
408 1489 441 1551 in
468 1487 529 1552 hac
556 1487 749 1572 philologiae
774 1495 864 1571 parte
887 1489 991 1554 adhuc
1012 1511 1125 1573 parum
1147 1512 1321 1575 progressa.

266 1593 359 1660 Addo
386 1615 437 1659 me
463 1594 496 1659 in
524 1596 649 1677 syntaxi
677 1601 710 1660 et
738 1596 770 1658 iu
794 1597 905 1660 ultima
928 1603 1018 1680 parte
1041 1597 1133 1665 huius
1157 1597 1266 1675 libelli,
1291 1602 1321 1664 in

176 1703 302 1783 quade
326 1702 454 1767 notione
476 1701 645 1766 verborum
668 1703 783 1784 agitur,
806 1702 934 1768 titulum
958 1705 1032 1780 270,
1058 1709 1095 1768 ut
1118 1705 1173 1786 qui
1195 1713 1323 1772 senatus

177 1808 353 1873 consultum
377 1808 535 1885 exhibeat,
557 1809 706 1874 omisisse.
731 1848 772 1856 -

266 1897 453 1997 Priusquam
485 1916 651 1980 materiam
682 1917 783 1999 ipsam
815 1939 835 1981 a
866 1939 915 1982 me
948 1925 1129 2000 congestam
1156 1918 1323 2002 proferam,

178 2021 272 2086 liceat
298 2022 450 2086 nonnulla
477 2023 680 2106 praemittere
708 2025 747 2088 de
775 2023 876 2089 ferma
903 2024 1024 2090 indicis.
1074 2025 1156 2091 Nam
1184 2047 1223 2089 ne
1251 2027 1322 2089 iun-

178 2127 281 2208 genda
304 2149 491 2212 separarem,
520 2129 633 2196 iudicis
655 2130 765 2207 forma,
789 2153 852 2215 qua
875 2130 1024 2214 Corporis
1048 2132 1205 2197 volumina
1228 2139 1323 2198 utun-

179 2240 238 2311 tur,
262 2235 377 2319 quippe
401 2258 480 2321 quae
503 2259 529 2301 e.
548 2259 575 2320 g.
595 2237 628 2301 iu
652 2238 775 2320 syntaxi
799 2237 876 2302 ferri
898 2240 1025 2303 omniuo
1047 2239 1114 2304 fere
1132 2261 1195 2303 nou
1214 2239 1323 2322 possit,

178 2343 344 2425 repudiata
367 2345 511 2427 exempla
534 2345 579 2407 ita
602 2344 751 2427 disposui,
779 2349 815 2408 ut
837 2344 932 2428 paulo
955 2346 1056 2428 magis
1079 2367 1138 2430 par
1160 2347 1230 2429 pari
1253 2347 1323 2410 adi-

176 2470 292 2521 cerem;
319 2451 359 2514 de
386 2471 448 2535 qua
471 2471 505 2514 re
528 2449 708 2515 conferatur
731 2458 914 2535 conspectus
941 2453 975 2517 in
998 2452 1082 2518 calce
1104 2453 1198 2517 huius
1221 2453 1328 2532 libelli,

176 2557 313 2620 additus.
1119 2573 1127 2584 “

264 2663 328 2728 Eos
338 2663 456 2740 titulos,
470 2685 548 2747 quos
558 2686 659 2748 neque
672 2664 843 2730 Wilmanns
854 2665 921 2748 ipse
931 2687 1032 2748 neque
1043 2666 1168 2750 Euting,
1183 2665 1321 2744 Henzen‚

175 2769 367 2846 Hirschfeld,
390 2771 549 2848 Huebner,
571 2771 753 2848 Mommsen,
771 2772 886 2837 Renier
904 2773 1061 2850 viderunt,
1084 2773 1245 2856 insignivi3
1264 2795 1322 2840 nee

177 2898 239 2941 non
258 2877 394 2942 discrevi
413 2879 522 2942 titulos
541 2878 689 2961 privatos,
708 2877 860 2961 publicos,
879 2879 1022 2956 saorales,
1041 2880 1237 2956 christianos,
1255 2901 1320 2944 me·

175 2984 285 3059 tricos3
308 2981 345 3046 of.
360 3005 429 3067 pag.
448 2987 497 3050 10.
519 3023 557 3032 -
580 2985 615 3049 ld
635 2985 720 3066 quod
739 2986 897 3050 elaboravi
917 2985 1051 3052 fortasse
1074 2987 1203 3052 maioris
1227 2989 1320 3071 pretii

174 3096 265 3166 esset,
285 3090 313 3154 si
332 3092 466 3174 saepius
485 3113 578 3175 quam
592 3091 662 3168 feei,
682 3092 845 3156 titulorum
860 3114 990 3158 numero
1005 3100 1150 3170 aetatem,
1169 3094 1219 3159 eui
1234 3095 1320 3177 quis-

175 3218 235 3281 que
254 3204 337 3262 esset
351 3197 582 3275 attribuendus,
601 3199 805 3272 addidissem3
824 3201 879 3265 sed
894 3200 1076 3285 saepissime
1092 3202 1187 3267 etiam
1202 3201 1320 3267 volenti

175 3304 235 3368 hoc
262 3306 390 3370 minime
417 3306 570 3381 succedit,
597 3327 680 3382 cum,
707 3307 761 3390 qui
789 3307 926 3391 lapidem
954 3311 1021 3392 ipse
1043 3330 1106 3374 non
1131 3308 1253 3385 viderit,
1280 3309 1320 3374 de

174 3417 315 3494 tempore
338 3413 438 3488 tituli,
467 3413 493 3476 si
516 3412 658 3496 publicos
682 3415 837 3491 omiseris,
863 3415 914 3477 vix
938 3421 1024 3480 certo
1047 3416 1187 3479 iudicare
1210 3416 1318 3497 possit.

263 3518 300 3582 In
324 3518 493 3584 afferendis
516 3521 725 3584 recentiorum
752 3520 914 3585 homiuum
943 3522 1106 3586 doctorum
1129 3522 1219 3586 libris
1242 3523 1320 3588 satis

173 3623 271 3689 habui
290 3627 477 3709 praecipuos
496 3627 618 3704 citasse,
637 3627 670 3690 in
689 3627 803 3712 quihus
822 3634 942 3693 ceteros
961 3629 1145 3712 plerumque
1163 3629 1319 3694 inveneris

173 3731 332 3809 laudatos;
355 3735 389 3797 in
412 3731 545 3798 flexione
565 3733 648 3798 enim
666 3734 888 3800 vocabulorum
906 3735 1000 3800 attuli
1019 3737 1103 3801 locos
1121 3735 1204 3812 libri,
1227 3758 1318 3821 quem

173 3839 260 3904 Neue
279 3840 519 3923 diligentissime
538 3839 680 3918 confecit,
698 3842 731 3906 in
750 3843 875 3926 syntaxi
893 3848 1019 3926 praeter
1034 3843 1185 3927 Draegeri
1203 3843 1318 3909 librum

172 3947 332 4012 interdum
351 3947 532 4022 Roeuschii3
556 3948 588 4010 in
611 3953 703 4030 parte
726 3949 948 4034 lexicographa
966 3949 1006 4016 iis
1023 3949 1220 4035 potissimum
1239 3950 1318 4016 lexi-

172 4054 226 4130 cis,
249 4075 330 4139 quae
353 4055 393 4119 de
411 4053 468 4118 Vit
491 4059 523 4119 et
542 4053 681 4138 Georges
700 4060 950 4140 composueruht,
973 4059 1060 4123 nisus
1079 4079 1155 4122 sum.
1179 4057 1226 4123 Ne
1246 4080 1318 4124 cou-

172 4160 354 4225 tinuitatem
385 4159 580 4245 formamque
608 4162 720 4226 indicis
748 4163 898 4240 delerem,
930 4166 1014 4230 locos
1042 4165 1170 4230 aliunde
1191 4166 1318 4250 petitae,

263 4411 282 4470 ¹)
302 4409 341 4464 Cf.
362 4425 384 4464 e.
404 4427 428 4478 g.
449 4407 477 4462 iu
497 4415 577 4478 parte
596 4406 793 4479 lexicographe
812 4411 862 4466 sub
883 4411 994 4467 vocibus
1013 4419 1173 4481 casaperota,
1196 4413 1317 4468 bonora-

173 4502 225 4566 taa,
245 4499 359 4567 insilire,
378 4500 477 4568 iretur,
496 4500 604 4569 iupiter,
621 4499 782 4570 perdocere,
803 4517 968 4570 yrremerere.
