3262 4926
645 389 859 450 ..27-

187 578 255 644 veri
278 573 474 642 simillimum
497 583 548 642 est
570 595 626 641 eos
648 574 701 642 hic
724 594 797 640 cum
819 575 965 658 pluribus
980 575 1205 644 intercidisse?
1240 577 1323 644 Nam

186 681 283 746 etiam
307 680 416 764 plures
438 677 641 744 intercidisse
669 685 823 763 apparet,
856 678 1116 762 quandoquidem
1144 701 1249 765 neque
1277 682 1324 748 cis

188 783 332 849 versibus
355 782 494 867 protasis
516 800 667 846 versuum
687 784 854 846 1011-20
870 782 1049 866 suppletur,
1076 789 1109 850 et
1127 783 1157 848 ei
1172 784 1234 869 ipsi
1249 805 1325 869 pro-

188 885 249 952 tasi
277 892 406 965 carent,
433 884 503 950 sine
526 904 590 967 qua
611 885 702 949 nulla
731 904 802 950 cnm
832 883 987 969 proximis
1016 884 1196 952 coniunctio
1224 893 1320 968 esset,

187 989 278 1072 quali
300 996 407 1054 tannen
432 987 597 1054 Lucretius
619 987 701 1053 alias
724 993 907 1053 constanter
928 987 1037 1052 utitur.

273 1092 365 1157 Nunc
407 1097 632 1174 argumentum
668 1110 818 1157 versuum
856 1090 888 1170 I,
932 1093 1014 1156 1008
1029 1127 1073 1138 -
1088 1095 1125 1156 51
1173 1091 1325 1175 expedire

186 1195 336 1262 conabor.
362 1193 434 1272 Qua
449 1194 482 1259 in
498 1213 532 1259 re
547 1202 700 1277 quantum
713 1193 874 1259 Guilelmo
886 1193 1160 1260 Hoersehclmann
1172 1194 1321 1273 debeam,

186 1297 360 1383 perspiciet
382 1296 576 1380 quicumque
598 1316 654 1376 ca,
680 1317 765 1379 quae
787 1297 843 1362 iile
865 1295 906 1361 de
928 1297 1074 1363 versibus
1101 1299 1268 1363 1008-13
1292 1299 1325 1362 in

187 1400 358 1468 Observat.
390 1399 517 1466 Lucrct.
550 1400 607 1465 alt.
646 1399 785 1483 (Lipsiae
811 1401 903 1482 1817)
931 1420 986 1485 pg.
1012 1403 1132 1466 nc-tr
1159 1401 1325 1486 praeclare

186 1503 374 1590 disputavit,
401 1503 529 1586 legerit,
554 1522 637 1586 qnae
659 1502 788 1586 quidem
811 1503 939 1568 novisse
961 1523 1094 1570 necesse
1117 1513 1176 1586 cst,
1203 1504 1325 1586 siquis

187 1606 229 1672 ad
251 1607 335 1673 hunc
356 1607 462 1672 locum
484 1606 617 1672 accedet
631 1624 736 1688 neque
751 1613 928 1672 ceterorum
943 1606 1151 1691 interpretum
1167 1607 1326 1674 erroribus

187 1729 304 1776 avero
327 1707 436 1775 diduci
459 1709 555 1774 volet.
603 1708 725 1773 Indea
751 1711 831 1774 1008
854 1708 953 1792 igitur
968 1709 1134 1776 Lucretius
1158 1710 1205 1775 sic
1227 1730 1325 1793 argu·

186 1819 363 1878 mentator:
403 1811 451 1876 Ne
474 1811 547 1896 ipsa
569 1810 698 1893 quidem
718 1831 823 1878 rernm
848 1831 974 1877 somma
989 1813 1116 1877 modum
1134 1812 1195 1878 sibi
1212 1833 1326 1898 parare

187 1923 309 2000 potest:
341 1915 426 1998 qnod
456 1924 573 1982 natura
596 1914 795 1999 prohibetur,
827 1915 918 1981 cuius
942 1917 1015 1998 lege
1036 1935 1153 2001 corpus
1176 1925 1208 1982 et
1229 1916 1325 1983 inane

188 2037 315 2104 semper
343 2038 378 2084 se
408 2018 583 2104 excipiunt,
609 2018 739 2083 utfinis
762 2018 861 2084 statui
883 2025 1032 2102 nequeat.
1080 2021 1145 2084 Aut
1166 2019 1193 2084 si
1217 2039 1326 2086 sumas

188 2121 376 2187 alterutrum
399 2120 441 2185 ab
463 2121 565 2186 altero
587 2140 650 2185 non
673 2120 847 2202 terminari,
879 2128 986 2188 tamen
1008 2113 1144 2186 alterum
1167 2121 1325 2187 infinitum

188 2243 260 2290 esse
283 2243 415 2290 necesse
439 2230 499 2288 cst.
548 2224 628 2307 [Iam
651 2243 726 2288 vero
749 2223 776 2288 si
800 2243 916 2309 corpus
939 2223 1108 2306 infinitum,
1133 2223 1232 2290 inane
1252 2223 1326 2288 dni-

189 2333 255 2392 tum
278 2335 380 2406 esset,
407 2346 469 2392 rea
491 2332 614 2392 tantum
637 2345 786 2410 corpora,
813 2345 897 2409 qnae
925 2325 1016 2392 iuxta
1045 2325 1215 2410 parvulum
1244 2325 1325 2391 illud

187 2430 284 2495 inane
306 2429 411 2513 posita
433 2436 556 2510 essent,
588 2429 707 2494 moveri
729 2435 876 2514 possent,
903 2437 1009 2495 cetera
1031 2429 1141 2511 quieta
1163 2428 1321 2504 iacerent3

188 2532 274 2617 atqui
298 2553 362 2598 non
384 2551 557 2617 perpauca,
584 2531 643 2597 scd
664 2532 772 2597 omnia
791 2551 925 2617 corpora
940 2533 1059 2598 moveri
1075 2532 1237 2610 videmus;
1262 2531 1326 2597 ita-

188 2655 251 2718 que
273 2656 345 2702 cnm
367 2635 515 2700 omnibns
537 2634 633 2700 inane
656 2654 769 2719 purum
792 2634 932 2700 vicinum
954 2634 1006 2714 sit,
1032 2633 1113 2718 ipsis
1135 2633 1201 2699 illis
1221 2633 1326 2698 minus

188 2757 260 2805 esse
282 2737 410 2820 nequit«
419 2741 453 2820 ¹).
502 2737 559 2802 Sin
581 2736 615 2802 id
638 2737 745 2822 potius
768 2743 911 2803 statuere
927 2737 1020 2816 velis,
1044 2737 1140 2802 inane
1155 2735 1324 2817 infinitum,

189 2861 304 2926 corpus
326 2839 449 2907 1111111111
472 2843 569 2923 esse]

282 2955 285 2960 '
367 2944 506 3008 11111111
528 2945 689 3008 ostendam
712 2942 898 3026 corpusculo
920 2942 1069 3006 materiai

366 3070 404 3110 en
427 3045 549 3131 infinito
571 3067 723 3110 nummum
746 3067 853 3110 rernm
874 3067 971 3129 usque
995 3054 1098 3110 tencre

366 3151 503 3235 undiquc
524 3151 646 3234 protelo
663 3150 836 3233 ptapamm
859 3148 1049 3213 continuato.

193 3253 286 3335 [Nam
309 3252 369 3319 hoc
391 3253 454 3318 nini
476 3253 521 3319 ita
543 3255 654 3335 esset]

263 3360 342 3420 1011
367 3379 422 3420 nec
444 3377 531 3420 marc
553 3378 608 3420 nec
633 3355 726 3419 tellus
747 3377 845 3439 neque
867 3355 949 3418 cccli
970 3353 1076 3418 lucida
1100 3353 1217 3438 templa

365 3481 421 3524 nco
443 3458 576 3522 mortale
595 3479 694 3543 pecua
716 3480 772 3522 nec
794 3457 901 3522 dicum
922 3479 1056 3540 corporo
1078 3465 1188 3522 sanctu

365 3562 512 3645 cespitum
530 3569 661 3644 poscent
682 3561 776 3624 dorni
795 3561 906 3624 stetere
930 3567 1060 3643 tempus.

191 3665 280 3730 Duas
302 3664 401 3747 igitur
426 3683 542 3730 causas
572 3670 669 3749 poeta
698 3664 810 3742 affert,
843 3682 901 3728 eur
929 3661 1079 3742 materia,
1113 3661 1176 3728 nisi
1204 3660 1332 3728 infinita

190 3773 291 3847 esset,
333 3765 491 3832 dissoluta
520 3765 554 3831 in
584 3787 702 3850 magno
731 3765 821 3832 inani
854 3764 1002 3851 dispulsa
1031 3764 1177 3830 ferretur.
1233 3763 1331 3848 Apud

192 3870 366 3956 Diogenem
399 3889 496 3935 unam
530 3870 683 3953 legimus:
722 3864 875 3952 οὐδαμοῦ
905 3862 947 3934 ἂν
977 3865 1073 3950 ’ἔμενε
1104 3863 1146 3932 τὰ
1176 3865 1327 3951 σώματα,

259 4130 274 4194 ¹)
307 4127 385 4182 Hanc
416 4127 584 4182 sententiam
615 4145 632 4182 n
661 4127 793 4183 Lucretio
823 4117 1033 4198 pronuntiatam
1064 4125 1169 4192 inisse,
1201 4126 1332 4197 quamvis

189 4213 348 4282 ambiguum
367 4223 490 4280 maneat,
512 4231 576 4269 num
596 4213 866 4270 Hoerschelmannus
885 4218 960 4268 recto
983 4212 1148 4278 coniecerit,
1175 4220 1271 4269 tomen
1290 4225 1333 4264 ar·

189 4301 424 4367 gumentationern
443 4308 544 4371 poetae
563 4290 647 4358 simili
666 4303 748 4356 modo
767 4300 940 4374 processisse
958 4307 1066 4356 certum
1085 4305 1137 4354 est.
1191 4317 1195 4322 ·
