3304 4928
608 409 648 418 -
699 371 796 454 [217]
845 409 884 418 -
1277 371 1318 436 73

169 570 233 628 tem
262 585 423 640 uersuum,
451 563 566 647 quibus
593 563 682 629 nulla
709 587 779 629 cum
806 565 954 630 lemmate
982 568 1146 650 proposito
1174 567 1320 649 cognatio

170 676 231 746 cst,
263 671 436 754 subiungat
446 671 485 752 ¹),
519 677 585 734 tum
618 670 701 736 solos
734 669 846 736 afferat
874 693 985 736 uorsus
1013 678 1125 757 poetae
1153 673 1237 736 omni
1267 693 1319 736 ex-

170 777 340 860 plicatione
369 783 526 854 carentes,
552 784 620 843 tum
652 777 693 842 ad
722 778 814 842 nnius
842 800 952 844 uersus
981 778 1151 843 frustulum
1179 778 1321 860 copiosas

170 883 307 948 subiciat
339 883 564 967 explicationes
591 884 634 947 ad
661 884 868 966 complurium
897 906 1046 950 uersuum
1073 882 1321 967 complexionem

171 993 364 1073 pertinentes
373 990 409 1075 ²).
447 989 543 1054 Recte
567 990 650 1054 enim
673 989 898 1074 Bernhardyus
922 991 954 1053 in
978 996 1157 1056 commenti.
1184 991 1224 1054 de
1247 989 1320 1056 Sui-

171 1097 230 1160 dae
253 1097 354 1161 lexico
377 1118 427 1180 pg.
452 1094 583 1160 XLVII:
616 1095 733 1178 Itaqac
755 1097 888 1176 scholia,
914 1097 1030 1181 inquit,
1057 1097 1113 1162 hoa
1135 1101 1180 1162 cst
1203 1097 1321 1161 siluam

171 1203 366 1266 inconditam
390 1223 427 1267 aa
450 1202 560 1266 maltis
583 1204 717 1268 saacrdis
741 1209 910 1286 appastam,
937 1207 973 1268 at
996 1205 1171 1282 ‘inuenerat
1200 1203 1321 1269 Saldae

171 1310 253 1373 bona
276 1309 339 1390 fida
362 1309 504 1389 repetiit,
533 1329 589 1372 acc
611 1330 689 1374 raro
713 1309 829 1392 dipitos
851 1312 954 1391 mapis
978 1331 1076 1392 qaam
1097 1311 1253 1375 iad-iciam
1275 1329 1321 1373 se-

170 1419 261 1480 cutas
273 1416 377 1496 plara
396 1415 552 1494 describit,
578 1437 674 1498 quarn
695 1415 806 1479 lanima
830 1415 952 1497 tactqac
971 1417 1194 1496 interpretatio
1209 1420 1321 1496 posta-

171 1521 225 1600 lat,
254 1527 286 1586 ct
315 1523 468 1588 Kusterus
491 1523 532 1588 ad
555 1525 596 1607 gl.
621 1519 777 1604 diptica:
810 1521 874 1586 Hic
895 1527 924 1587 ct
948 1543 1054 1603 saepe,
1081 1523 1140 1596 ait,
1167 1523 1322 1586 indiciam

170 1629 386 1708 acrnpc'tatoris
409 1631 538 1710 rapui-ra
566 1631 623 1711 qai
649 1628 752 1694 malta
775 1633 941 1694 auctorum
969 1629 1038 1692 loca
1063 1629 1160 1693 lazico
1187 1649 1245 1693 aaa
1273 1629 1321 1691 in·

170 1737 284 1814 scrisit,
308 1757 372 1801 aaa
396 1757 445 1800 rcs
473 1741 500 1799 ct
524 1757 648 1800 sensam
671 1737 725 1800 scd
747 1739 873 1800 tantam
899 1737 1010 1800 sartam
1033 1734 1214 1816 litterarum
1237 1755 1321 1816 spac-

171 1847 277 1906 tana“
323 1843 391 1921 Qua
420 1841 537 1907 citandi
567 1849 599 1906 ct
626 1842 800 1907 adnotandi
824 1843 1037 1906 inconstantia
1060 1841 1096 1905 fit
1119 1847 1155 1906 ut
1180 1863 1322 1906 nonnun-

171 1969 264 2032 quam
293 1949 446 2014 inccrtnm
477 1954 617 2029 maneat,
649 1969 723 2012 num
752 1947 866 2012 Suidas
894 1952 1010 2023 totum,
1042 1949 1125 2032 quod
1154 1949 1188 2011 in
1215 1948 1322 2012 codice

171 2077 228 2120 suo
261 2055 493 2140 Aristophaneo
529 2055 716 2120 adnotatum
749 2060 831 2130 erat,
867 2053 1022 2119 scholium
1055 2055 1323 2137 transsumpserit,

171 2168 203 2227 et
225 2167 271 2239 nt,
294 2182 375 2244 qnae
399 2161 495 2227 fuerit
516 2162 665 2226 uniuersa
690 2163 723 2226 in
744 2159 861 2226 Suidae
885 2160 992 2225 codice
1016 2159 1208 2226 scholiorum
1232 2161 1324 2244 eopia

171 2289 314 2352 quasque
350 2269 522 2333 eorundem
558 2267 661 2332 forma
696 2267 757 2332 nisi
793 2266 1013 2333 adumbrando
1050 2268 1221 2351 depingere
1258 2287 1320 2330 non

171 2376 280 2459 possis.
341 2375 473 2440 Accedit
505 2375 566 2439 huc
598 2373 683 2458 quod
715 2373 773 2438 suh
806 2395 870 2438 una
902 2375 1073 2458 cademque
1103 2374 1209 2455 glossa
1237 2373 1322 2437 haud

170 2503 243 2546 raro
275 2482 452 2564 complures
480 2481 539 2545 loci
569 2503 607 2545 ex
636 2481 732 2545 uariis
760 2479 982 2563 scriptoribus,
1011 2481 1113 2562 poetis
1141 2478 1321 2543 aratoribus

170 2587 330 2654 historicis
357 2589 428 2654 aliis
457 2589 614 2672 desumpti
643 2587 876 2669 coniungimtur
905 2592 937 2650 et
959 2585 1044 2650 inter
1067 2607 1134 2650 sese
1157 2585 1322 2669 particulis

171 2695 237 2757 καὶ·
252 2681 361 2772 αὖθις,
385 2686 431 2770 ὡς
454 2695 511 2758 καὶ
534 2693 689 2759 similibus
713 2693 760 2757 ita
783 2698 1004 2769 conectuntur,
1030 2697 1067 2758 ut
1090 2692 1192 2758 solida
1215 2691 1321 2774 aliquo

171 2800 265 2864 modo
298 2801 484 2883 compositio
517 2801 652 2864 eueniat.
708 2799 798 2864 'latia
829 2800 927 2882 igitur
958 2798 1177 2864 additamenta
1204 2817 1322 2862 cuma

171 2905 363 2971 scholiorum
391 2906 695 2990 Aristophaneorum
723 2927 854 2990 corpore
881 2925 1010 2988 prorsus
1042 2904 1249 2980 abhorreant,
1281 2905 1321 2968 ab

172 3013 232 3076 hac
255 3014 439 3096 quaestione
461 3013 572 3078 sedula
596 3013 791 3096 segreganda
814 3017 895 3075 sunt.

171 3211 383 3220 —.-—---——-

246 3333 264 3381 ¹t
284 3331 361 3384 uelnt
379 3347 400 3385 s.
420 3332 456 3399 gl.
476 3333 550 3392 Σοῦ,
575 3348 628 3400 quo
652 3330 865 3399 epiphonemata
890 3329 1016 3383 uolucres
1040 3325 1265 3398 ἀποσοβοῦνται,
1291 3335 1322 3381 ut

172 3437 234 3474 cnm
249 3419 399 3474 scholiasta
418 3419 463 3483 tad
478 3419 561 3487 Vesp.
577 3420 640 3484 209)
660 3418 765 3485 loquar,
784 3418 915 3486 leguntur
933 3417 1098 3485 Thesmoph.
1114 3433 1154 3470 vv.
1174 3417 1322 3480 lit-180,

172 3508 201 3562 in
220 3507 320 3577 quibus
339 3507 409 3562 illud
429 3511 481 3562 σοῦ
497 3505 606 3561 omuino
625 3523 679 3561 non
694 3512 794 3572 exstat,
814 3505 896 3560 immo
916 3505 963 3575 qni
982 3505 1032 3560 sub
1051 3505 1143 3574 glossa
1157 3501 1253 3576 alicua
1266 3507 1322 3560 Σο-

172 3599 229 3664 aaa
248 3595 389 3650 inserendi
409 3603 480 3650 sunt.
1080 3643 1083 3651 .
1206 3655 1210 3666 ,

247 3685 267 3748 ²)
287 3684 365 3738 uelat
383 3701 404 3738 s.
424 3685 460 3753 gl.
481 3685 615 3755 Λείβεται
635 3685 670 3739 ad
690 3685 741 3752 Eq.
762 3701 786 3738 v.
806 3685 859 3738 327
879 3682 999 3738 adicitur
1017 3682 1171 3749 adnotatio,
1196 3699 1267 3753 quae
1286 3682 1322 3736 ad

171 3787 213 3825 rr.
229 3773 282 3826 326
296 3773 348 3826 327
369 3773 504 3841 pectinem
525 3791 543 3827 s.
556 3772 591 3842 gl.
612 3769 741 3839 Εἲμένος,
762 3771 809 3826 ubi
828 3771 950 3826 citantur
968 3771 1273 3840 Eq.vv.1276-1279,
1294 3770 1322 3824 in

172 3859 227 3914 lina
250 3860 402 3916 adduntur:
430 3855 504 3926 ride
526 3857 691 3932 Ἀριφράδης
713 3856 792 3930 παρὰ
816 3856 902 3927 φύσιν
926 3855 1076 3929 ἠσέλγαινε
1102 3868 1163 3924 ταῖς
1186 3859 1322 3930 γυναιξίν,

173 3965 233 4002 cum
250 3949 415 4018 Ariphradis
431 3950 534 4004 mentio
552 3949 603 4004 fiat
618 3951 727 4005 demum
742 3949 770 4003 in
786 3967 810 4002 r.
828 3951 909 4014 1281;
929 3949 1048 4018 donique
1068 3949 1103 4002 ad
1117 3949 1168 4018 Eq.
1186 3951 1321 4004 v.1310s.

172 4037 208 4106 gl.
236 4031 327 4108 Εἴπερ
352 4035 386 4092 ἐκ
410 4034 516 4108 πεύκης
540 4041 598 4092 κτλ.
624 4039 726 4108 legitur
750 4038 913 4109 explicatio,
939 4053 1010 4107 quae
1034 4037 1068 4092 ad
1092 4055 1134 4092 vv.
1160 4041 1226 4094 1301
1253 4039 1322 4092 1302

173 4126 308 4195 pertinet:
334 4128 540 4193 Σωματοποιεῖ
560 4121 616 4198 γὰρ
639 4123 689 4191 τὰς
713 4123 792 4191 racc,
817 4129 866 4181 καὶ
889 4122 938 4190 τὰς
962 4123 1082 4191 παλαιὰς
1105 4130 1191 4182 καλεῖ
1210 4127 1320 4199 γραίας,

172 4209 222 4278 τὰς
241 4213 270 4269 δὲ
290 4208 328 4283 μὴ
350 4209 512 4279 elevacione
532 4211 703 4286 παρθένους.
1337 4213 1343 4234 ’
