3262 4926
794 388 1009 448 ,70-

330 569 566 636 demonstratur
588 590 644 637 eos
665 572 699 637 in
716 593 799 650 eum,
822 573 876 639 ubi
892 574 1052 658 leguntur,
1072 575 1301 640 sententiarum
1318 595 1483 642 conexum

330 692 393 738 non
417 673 586 756 quadrare.

417 777 520 860 Atque
535 777 599 842 iam
614 777 786 862 Briegerus
808 779 975 864 (Philolog.
991 780 1114 858 XXIII,
1135 785 1197 846 456
1214 783 1298 864 sqq.)
1326 787 1359 848 et
1377 783 1479 848 Stue-

254 865 259 874 ’
330 879 521 962 renburgius
543 888 775 965 perspexerant
797 881 892 947 linem
914 883 1067 966 prooemii
1096 883 1170 948 libri
1192 883 1287 968 primi
1310 903 1375 948 non
1399 903 1479 950 esse

329 1001 456 1062 sanum,
490 982 568 1065 quia
595 983 693 1050 verba
722 983 805 1049 tuac
831 985 929 1069 icitur
953 993 1103 1052 terrorem
1126 985 1273 1051 animle.
1299 1010 1328 1072 q.
1355 1010 1381 1050 s.
1409 1008 1479 1052 non

330 1092 416 1151 recte
447 1085 611 1171 excipiant
639 1105 750 1154 versus
785 1090 943 1166 ree-45,
968 1089 1001 1154 in
1027 1089 1143 1171 quibus
1166 1089 1206 1155 de
1228 1095 1349 1154 terrore
1371 1091 1477 1155 animi

329 1188 533 1272 tenebrisque
569 1207 674 1254 sermo
711 1210 774 1255 non
808 1189 880 1270 fiet3
914 1191 987 1273 sed,
1021 1192 1106 1275 quod
1136 1193 1242 1272 miror,
1275 1200 1409 1276 uterque
1442 1193 1478 1258 in

333 1294 480 1356 ree-45
492 1311 623 1358 causam
634 1292 703 1360 eius
716 1293 825 1360 mendi
836 1311 908 1360 esse
920 1295 1030 1374 voluit,
1046 1295 1163 1378 quibus
1175 1295 1321 1362 versibus
1334 1297 1475 1362 seclusis

330 1393 413 1458 tone
425 1394 523 1478 ipitur
536 1404 686 1460 terrorem
696 1396 798 1460 animi
808 1397 1009 1481 tenebraeque
1021 1397 1064 1463 ad
1075 1399 1174 1464 verba
1185 1407 1216 1462 et
1228 1421 1307 1483 quae
1316 1421 1368 1464 ree
1382 1401 1476 1463 nodis

330 1497 532 1581 eaedentibus
562 1499 652 1563 obuia
680 1507 796 1564 mentae
825 1499 976 1584 terruflcet
1003 1502 1109 1564 morbo
1139 1501 1276 1587 aelfeetr‘e
1305 1525 1474 1586 somnoque

329 1600 462 1683 sepultis
478 1603 560 1678 (132.
578 1603 607 1684 3)
624 1602 705 1667 bene
717 1609 909 1687 spectarent.
940 1601 1004 1669 Sed
1017 1603 1202 1687 omiserunt,
1218 1625 1291 1670 euru
1303 1613 1471 1686 terrorem,

329 1721 392 1786 quo
414 1701 583 1781 allicimur,
608 1704 636 1769 si
652 1724 826 1788 aegrorum·
837 1705 1103 1773 dormientiumve
1119 1708 1277 1774 mentibus
1293 1709 1469 1774 simulacra

330 1811 525 1870 mortuorum
548 1805 759 1889 obviabunt,
786 1827 827 1874 ne
848 1814 982 1875 naturae
1004 1807 1133 1891 quidem
1156 1810 1264 1894 specie
1286 1829 1325 1876 ac
1347 1811 1474 1877 ratione

329 1907 447 1974 discuti
468 1926 572 1992 posse,
599 1909 751 1992 quoniam
779 1909 813 1974 in
843 1909 984 1976 febribus
1011 1911 1207 1994 somniisque
1230 1913 1323 1978 nobis
1347 1912 1474 1996 obrepit

330 2008 440 2074 invitis
467 2009 661 2093 nesciisque.
714 2011 804 2077 Nihil
840 2011 938 2096 igitur
970 2012 1131 2080 lucramur
1161 2013 1296 2080 seclusis
1324 2015 1474 2081 versibus

333 2115 491 2178 ree-45.
538 2113 604 2180 Sed
626 2113 792 2199 praeteriit
818 2115 893 2181 illos
915 2115 1012 2182 etiam
1036 2135 1087 2182 res
1110 2117 1194 2184 unde
1224 2117 1331 2184 elucet
1359 2137 1474 2186 versus

333 2217 458 2280 rto-8
473 2216 559 2282 male
573 2216 712 2282 insertos
727 2235 810 2284 esse.
852 2217 1016 2284 Habemus
1031 2219 1128 2300 enim,
1148 2219 1176 2286 si
1198 2220 1344 2287 codicum
1360 2221 1475 2288 lectio-

330 2338 403 2384 nem
426 2318 598 2402 sequimur,
624 2319 718 2386 haee:

770 2432 903 2488 naturae
924 2425 1042 2508 spectes
1064 2425 1217 2510 ratioque,

500 2524 695 2608 priampium
718 2525 806 2590 euim
828 2524 901 2590 hinc
923 2527 1010 2591 uobis
1032 2529 1162 2592 exordia
1183 2537 1294 2592 mmet.

329 2627 417 2690 cuiue
446 2627 488 2692 ed
515 2628 598 2691 ratio
629 2628 731 2694 solum
760 2629 880 2696 referre
901 2630 1065 2712 debemus,
1092 2631 1169 2714 quie
1188 2631 1306 2714 speeies
1329 2631 1473 2715 retroque

328 2750 392 2795 non
418 2735 525 2814 potest
553 2749 610 2814 per
639 2730 857 2816 hendiadyoin
885 2733 998 2818 accipi,
1025 2754 1097 2799 cum
1121 2754 1142 2798 a
1163 2734 1279 2815 specim
1302 2734 1472 2818 genetivus

201 2849 205 2858 ’
329 2841 464 2896 caeterae
486 2832 639 2916 pendeat;
665 2833 699 2899 id
722 2851 809 2913 vero,
835 2835 928 2914 ratio,
954 2835 1046 2902 euius
1068 2835 1258 2921 principium
1282 2835 1358 2903 binc
1379 2837 1472 2902 nobis

329 2934 462 3001 exordia
484 2943 590 3003 sumet
617 2935 699 3020 (odie
722 2937 889 3019 Vernunit,
916 2939 1013 3006 deren
1036 2939 1168 3023 Aniang
1190 2938 1363 3024 folgenden
1386 2939 1472 3005 Aus-

328 3039 539 3122 gangspunkt
553 3039 692 3106 uelrmen
707 3041 791 3124 sollu)
812 3041 987 3108 absurdum
1009 3048 1067 3108 est.
1106 3042 1250 3108 Sublatis
1272 3049 1381 3108 autem
1404 3042 1469 3108 illis

328 3141 477 3208 versibus
498 3142 597 3208 verba

500 3245 695 3330 priumpium
716 3247 805 3311 euius
826 3247 899 3312 dine
920 3248 1009 3312 nodis
1031 3248 1161 3312 ceordic
1182 3256 1282 3312 sumet

331 3349 413 3414 bene
435 3347 615 3414 referuntur
636 3349 678 3414 ad
701 3372 760 3434 quo
783 3350 921 3414 camino
943 3351 1066 3414 dmum
1095 3353 1194 3434 (143).

415 3449 505 3528 Quae
528 3471 598 3517 cum
621 3452 668 3518 ita
690 3452 770 3534 sint,
808 3473 880 3520 cunr
903 3471 1015 3520 versus
1041 3456 1179 3519 llo-8
1202 3473 1258 3538 per
1281 3473 1316 3521 se
1339 3455 1469 3539 plenum

328 3573 460 3622 sensum
489 3575 551 3621 non
580 3554 724 3622 efficiant
752 3562 784 3623 et
812 3556 1003 3623 sententiam
1041 3557 1372 3640 constructionemque
1400 3559 1470 3624 eius

329 3656 401 3736 loci,
427 3657 483 3722 ubi
505 3657 663 3741 leguntur,
689 3659 895 3743 perturbent,
926 3657 1006 3726 milri
1033 3678 1222 3742 persuasum
1251 3667 1301 3726 est
1329 3679 1385 3726 eos
1407 3679 1470 3725 non

329 3779 350 3826 a
371 3767 468 3844 poeta
482 3761 637 3846 repetitos
652 3779 735 3828 esse.
777 3762 826 3828 nb
842 3761 963 3828 editore
977 3769 1146 3847 propterea
1160 3780 1217 3828 eos
1232 3781 1296 3828 non
1311 3761 1471 3848 proficisci

253 3869 254 3874 ’
328 3869 415 3948 puto,
441 3863 528 3946 quod
550 3883 704 3930 conexum
727 3863 824 3931 huius
845 3863 908 3930 loci
932 3865 1071 3947 turbant,
1103 3883 1207 3947 neque
1229 3864 1359 3932 omnino
1381 3865 1472 3948 quic-

327 3986 424 4050 quam
453 3966 487 4030 in
514 3965 562 4034 eis
592 3966 749 4048 versibus,
779 3986 861 4050 quos
883 3975 980 4052 poeta
1000 3966 1182 4050 reliquerat,
1209 3967 1468 4034 desiderabatur.

329 4071 376 4134 Ac
392 4089 432 4135 ue
447 4068 488 4136 de
504 4069 622 4136 lectore
637 4069 829 4154 philosopho
843 4070 971 4154 quidem
990 4070 1214 4154 cogitabimus.
1255 4071 1322 4138 Sed
1344 4072 1472 4156 repetiit

331 4191 388 4238 eos
404 4191 518 4239 versus
540 4172 597 4238 ille
619 4172 859 4258 grammaticus,
884 4193 965 4255 quos
987 4173 1021 4238 in
1037 4174 1139 4240 tribus
1152 4174 1324 4258 prooemiis
1342 4183 1471 4242 exstare

331 4274 482 4358 vidisset,
509 4293 564 4340 eos
587 4275 684 4341 etiam
707 4276 740 4341 in
763 4275 824 4342 hoo
846 4275 927 4341 libro
949 4277 1122 4360 placituros
1145 4277 1334 4344 arbitratus:
1360 4277 1469 4344 omisit
