3274 4938
333 361 372 424 11
775 399 815 408 -
862 360 936 444 [vo]
984 399 1024 408 -

422 549 505 621 Οὐδὲ
528 551 638 642 μάκαρ
662 549 772 634 οὐδεὶς
794 554 930 620 πέλεται
952 549 1084 641 βροτός,
1107 546 1192 619 ἀλλὰ
1214 557 1356 643 πονηροὶ

462 659 597 744 πάντες,
622 654 739 740 ὅσους
761 653 937 748 θνητοὺς
959 653 1091 749 ἠέλιος
1113 668 1280 751 καθορᾷ.

330 789 365 854 ln
390 789 574 858 collectione
597 786 871 874 Theognideorum
895 786 1037 853 conferas
1060 791 1239 872 praeterea:
1340 863 1343 868 ¹

418 914 482 980 615
495 893 496 898 ἵ
510 903 638 979 oddae
660 909 843 1000 παμπήδην
867 904 1000 997 ἀγαθὸν
1023 913 1080 1008 aeni
1101 911 1238 999 μέτριον
1261 905 1367 998 ἄνδρα

418 1022 483 1087 616
550 1027 630 1085 τῶν
653 1027 725 1086 νῦν
750 1011 981 1106 ἀνθρώπων
1004 1013 1136 1107 ἠέλιος
1159 1025 1324 1109 καθορᾷ.

329 1147 444 1214 Polisin
472 1151 579 1212 autem
606 1145 778 1232 elegiacam
809 1145 905 1212 simili
932 1145 999 1212 fere
1027 1146 1121 1210 modo
1149 1165 1211 1228 qno
1239 1143 1436 1210 Homericam
1448 1146 1472 1230 ¹)

210 1265 213 1272 ’
330 1255 424 1320 certis
447 1260 480 1320 et
502 1253 698 1338 longioribus
721 1260 881 1339 tamquam
910 1251 1053 1320 formulis
1077 1252 1202 1318 dicendi
1229 1253 1383 1338 insignem
1406 1275 1473 1319 esse

328 1365 456 1445 praeter
488 1381 526 1425 ea
557 1382 639 1444 quae
671 1361 765 1427 modo
792 1361 1005 1445 congessimus
1038 1359 1181 1444 exempla
1208 1359 1336 1445 Tyrtaei
1363 1360 1473 1444 elegiis

329 1469 485 1534 docemur.
531 1465 686 1534 Carminis
710 1470 793 1534 enim
814 1468 843 1533 X
867 1468 931 1554 (ed.
950 1467 1080 1554 Bergk)
1100 1467 1277 1534 11111131.
1297 1467 1474 1533 321111111

328 1576 478 1660 leguntur
500 1575 532 1639 in
552 1576 700 1641 carminis
718 1575 764 1640 XI
786 1573 928 1640 versibus
952 1575 1003 1641 21.
1023 1575 1074 1654 22,
1097 1579 1194 1660 atque
1212 1597 1283 1640 cum
1300 1576 1334 1639 in
1352 1582 1473 1642 utrum-

329 1703 390 1765 que
421 1682 524 1748 locum
556 1683 637 1749 bene
668 1684 837 1766 quadrent,
869 1681 1042 1769 Berglrio²)
1074 1683 1182 1748 malim
1213 1682 1387 1761 adsentire,
1419 1683 1473 1768 qni

330 1789 401 1855 illos
437 1811 545 1856 versus
581 1789 625 1877 (X
657 1791 709 1855 31.
737 1789 795 1876 32)
836 1789 965 1855 minime
1002 1789 1187 1856 subditicios
1224 1793 1343 1866 censet,
1379 1811 1474 1874 quam

330 1895 487 1962 Brunclrio
510 1897 644 1982 aliisque
667 1897 742 1962 viris
766 1897 876 1973 doctis,
899 1897 953 1981 qui
975 1896 1034 1964 hos
1052 1918 1160 1962 versus
1182 1896 1387 1963 secludendos
1406 1917 1473 1962 esse

330 2003 479 2069 indicant.
528 2004 624 2089 Apud
652 2006 784 2070 eundem
810 2006 938 2088 poetam
965 2004 997 2069 in
1026 2003 1126 2088 elegia
1148 2003 1211 2068 XII
1237 2025 1362 2070 versum
1389 2003 1473 2069 deci-

330 2133 414 2176 mum
437 2111 549 2177 leviter
571 2134 592 2178 a
614 2112 760 2178 vicesimo
784 2111 913 2177 differre
935 2111 1058 2177 monuit
1079 2111 1265 2177 Rintelenus
1286 2133 1317 2194 p.
1340 2110 1392 2176 43.

418 2218 509 2285 Aliae
536 2225 643 2285 autem
670 2219 824 2285 eiusmodi
848 2239 993 2284 versuum
1017 2219 1221 2303 repetitiones
1249 2239 1319 2284 cum
1341 2219 1374 2282 in
1396 2218 1472 2283 reli-

329 2345 463 2409 quorum
491 2333 523 2392 et
550 2327 694 2410 inprimis
722 2323 836 2392 Callini
859 2325 1042 2391 Archilochi
1066 2324 1189 2392 Solonis
1216 2327 1381 2410 poetarum
1408 2326 1474 2391 elo-

329 2434 489 2524 giacorum
521 2433 706 2518 fragmentis
738 2433 801 2498 iam
833 2455 895 2498 non
928 2432 1141 2510 inveniantur,
1172 2439 1279 2498 tamon
1311 2434 1337 2499 si
1370 2435 1475 2498 minus

329 2541 476 2607 mutilata
502 2541 544 2607 ad
571 2547 712 2606 nostram
735 2541 952 2625 pervenissent
975 2547 1126 2618 aetatem,
1153 2563 1192 2606 ex
1218 2539 1269 2605 his
1292 2559 1416 2625 quoque
1440 2540 1475 2606 id

328 2647 413 2732 qnod
448 2649 542 2714 modo
579 2649 619 2713 de
655 2647 809 2714 eiusmodi
841 2646 983 2714 formulis
1016 2647 1233 2714 contendimus
1265 2668 1373 2712 verum
1406 2667 1475 2714 esso

328 2755 472 2820 eluceret.

417 2969 572 3048 Quoniam
600 2971 677 3034 satis
709 2969 940 3036 demonstrasse
966 2969 1058 3037 nobis
1091 2970 1232 3036 videmur
1260 2987 1367 3035 versus
1395 2991 1475 3052 quos

328 3097 424 3162 supra
450 3077 759 3142 commemoravimus
786 3077 938 3161 repetitos
966 3077 1047 3142 nihil
1069 3077 1238 3162 impedire,
1264 3077 1432 3161 quominus
1454 3098 1476 3142 a

328 3205 420 3250 versu
441 3183 542 3269 primo
566 3183 606 3248 ad
631 3184 828 3249 millesimum
847 3183 914 3249 fere
936 3205 1031 3250 unam
1050 3184 1299 3268 fragmentorum
1321 3183 1474 3268 syllogam

328 3311 545 3375 agnoscamuS,
577 3312 659 3356 nunc
690 3290 804 3374 quibus
833 3289 949 3358 finibus
975 3292 1063 3375 prior
1091 3291 1328 3376 circumscripta
1354 3291 1396 3355 sit
1424 3289 1475 3356 vel

328 3399 433 3482 potius
460 3397 516 3462 ubi
543 3398 674 3463 alterius
701 3399 840 3483 syllogae
867 3398 993 3463 initium
1021 3400 1222 3492 statuendum
1249 3399 1292 3464 sit
1319 3417 1474 3464 eruamus.

417 3505 525 3590 Usque
552 3505 594 3570 ad
624 3525 747 3570 versum
778 3505 862 3570 1038
890 3505 1048 3572 corollarii
1080 3507 1181 3572 nostri
1209 3525 1356 3571 versuum
1383 3524 1475 3589 repe-

328 3611 456 3678 titiones
483 3611 623 3696 singulas
645 3611 901 3694 investigavimus
924 3614 1193 3697 repetitorumqne
1216 3631 1326 3678 causas
1349 3612 1474 3696 aperire

421 3809 439 3874 ¹)
458 3806 507 3862 clr.
519 3805 684 3862 Odolredum
697 3807 862 3862 Muellerum
873 3807 983 3864 Griech.
994 3807 1241 3876 Litteraturgesch.
1253 3809 1265 3862 I
1276 3807 1385 3874 tedlllt
1396 3825 1422 3878 p.
1429 3809 1472 3862 62.

328 3927 362 3936 —
377 3895 539 3952 Addiderim
558 3896 609 3951 hoc
629 3895 696 3963 loco,
716 3895 744 3951 in
764 3899 910 3953 11111661
930 3914 979 3968 pro
998 3889 1045 3953 οἶά
1064 3915 1120 3968 περ
1138 3890 1216 3967 ᾔδειν
1234 3897 1336 3952 rectius
1354 3897 1473 3953 fortasse

328 3983 501 4040 scribendum
521 3975 568 4038 οἷα
586 3979 737 4056 πάροιθεν,
758 3987 829 4056 qnod
844 3989 879 4042 ad
895 3987 1042 4057 insequens
1058 3990 1107 4042 νῦν
1121 4003 1144 4041 v.
1161 3986 1329 4056 6691111111
1345 3987 1472 4057 quadrat·

328 4071 462 4140 (11111111
486 4073 652 4130 coniecturis
675 4073 724 4130 cfr.
744 4077 845 4146 Bergk.
865 4077 901 4132 ad
919 4078 946 4132 h.
967 4077 994 4138 ll
1023 4078 1193 4146 Quemquam
1219 4091 1268 4131 vox
1289 4076 1339 4131 illa
1361 4070 1472 4146 (πάροι-

329 4166 391 4227 θεν)
414 4163 487 4232 apud
507 4169 603 4234 potitae
623 4165 760 4234 elegiacos
780 4181 832 4221 non
851 4166 1003 4230 invenitur,
1027 4173 1119 4221 tamen
1143 4167 1239 4221 eodem
1258 4182 1353 4231 sensu,
1378 4165 1425 4235 qui
1445 4165 1474 4222 111

330 4253 380 4308 hoc
405 4253 464 4308 loco
488 4253 578 4310 inesse
598 4254 694 4321 debet,
718 4256 791 4325 apud
810 4255 958 4310 Homerum
982 4255 1145 4310 vocabulum
1168 4251 1293 4326 πάροιθε
1313 4255 1475 4312 adhibetur:

328 4341 377 4396 cfr.
398 4359 421 4397 e.
440 4361 466 4412 g.
487 4341 566 4398 Iliad.
587 4345 629 4411 15,
649 4345 713 4414 2273
737 4345 833 4416 Odyss.
854 4347 965 4411 16,181
987 4350 1039 4399 etc.

419 4431 439 4491 ll
458 4431 507 4490 cir.
527 4432 641 4504 Bergkii
660 4433 867 4490 adnotationem
885 4433 921 4488 ad
940 4432 1015 4506 Tyrt.
1036 4434 1061 4490 X
1080 4435 1122 4492 31.
1142 4435 1184 4490 32.
