3262 4926
602 417 815 476 ..51-

10 615 11 622 ’
139 622 179 668 ex
195 601 339 668 eiusdem
356 601 593 687 interpolatoris
608 602 737 670 offinina
753 604 881 688 prodiit.
922 605 1005 672 Nam
1021 610 1053 670 et
1068 604 1111 685 11,
1127 605 1145 666 7
1151 605 1275 668 18-29

137 712 170 772 ot
191 706 229 786 V,
256 709 315 769 441
341 704 550 790 interpolatos
572 725 646 773 esso
667 706 753 772 inira
772 709 927 792 probabo.

10 823 11 858 t
174 805 178 812 '
225 807 268 873 Ut
290 826 366 873 vero
389 807 440 874 bie
464 809 585 874 alarum
608 816 673 890 est,
705 808 782 892 qnid
809 809 852 876 ab
878 810 1124 894 interpolatore,
1155 805 1277 890 quida

10 943 11 950 κ
139 910 258 978 lentore
280 909 469 995 philosopho
490 911 669 997 protentum
691 912 748 994 sit,
780 913 828 979 ita
857 913 944 978 hand
970 911 1085 998 paneis
1107 910 1186 977 loeis
1208 909 1277 976 dis-

139 1014 227 1080 oomi
243 1011 362 1096 nequit,
379 1034 420 1079 ex
437 1021 506 1080 utro
522 1013 608 1082 tonte
623 1015 828 1101 interpolatio
842 1015 982 1081 fluxerit.
1007 1014 1168 1093 Querens
1180 1031 1276 1096 regu·

139 1116 180 1183 lis
195 1117 363 1201 ponendis,
378 1137 472 1201 qnae,
488 1137 560 1184 oum
576 1119 766 1203 plerumque
781 1118 914 1185 delinire
929 1138 993 1185 non
1004 1117 1176 1203 possimus,
1196 1133 1276 1198 quas

138 1218 278 1285 rationes
300 1218 357 1285 ille
379 1220 479 1285 leotor
500 1220 710 1306 philosophus
732 1221 766 1286 in
781 1220 918 1306 singulis
934 1221 1001 1288 suis
1017 1218 1276 1287 adnotationibus

139 1328 267 1388 seeutns
290 1321 341 1405 sit,
367 1339 475 1406 vagae
497 1321 564 1390 iere
586 1331 683 1407 atque
704 1325 847 1391 ineertne
870 1324 935 1390 sint
952 1343 1085 1391 neeesse
1108 1329 1166 1404 est,
1193 1327 1277 1387 tem·

140 1443 199 1507 pus
221 1429 373 1506 teramus,
400 1423 442 1490 ed
457 1424 547 1509 ipsos
562 1445 617 1492 eos
633 1427 729 1508 looos,
756 1447 836 1510 qnos
857 1426 982 1511 spurios
1004 1425 1150 1504 arbitror,
1176 1423 1275 1490 adea-

139 1545 227 1592 mus:
254 1545 386 1608 quornm
410 1527 437 1594 si
460 1527 532 1611 quis
554 1549 652 1593 unum
675 1529 853 1595 alterumve
875 1529 986 1594 laeteri
1009 1527 1115 1612 potins
1138 1527 1276 1592 tribuere

138 1628 238 1709 volet,
265 1629 345 1695 nibil
368 1627 554 1714 prohibebo,
582 1629 609 1696 si
633 1630 727 1697 modo
749 1629 783 1696 id
806 1630 1018 1712 concesserit,
1043 1629 1219 1715 permultos
1243 1626 1276 1690 in

138 1731 333 1798 carminibus
349 1733 549 1800 Lnoretianis
568 1723 705 1800 inveniri
721 1735 809 1800 looos
824 1735 866 1800 de
879 1733 1039 1800 industria
1053 1731 1273 1817 interpolatos.

225 1833 290 1901 Sed
313 1855 384 1929 eum
406 1834 440 1900 id
462 1836 664 1920 potissimum
694 1836 854 1921 agendum
884 1837 941 1917 sit,
975 1843 1010 1901 nt
1037 1833 1285 1919 interpolatoris

138 1957 270 2022 operam
292 1939 417 2004 ratione
437 1939 576 2022 quadam
598 1939 725 2006 dnotem
749 1959 822 2006 esse
845 1939 1113 2016 demonstremus,
1139 1936 1276 2002 adeum

140 2041 245 2106 looum
265 2040 418 2122 transibo,
445 2041 500 2124 qni
516 2043 558 2122 ei,
584 2043 639 2125 qui
655 2042 750 2108 modo
766 2049 921 2108 tractatus
937 2047 998 2121 est,
1015 2040 1197 2106 simillimus
1212 2047 1273 2104 est.

138 2143 177 2206 In
198 2141 260 2208 hoo
281 2143 393 2209 eodem
416 2143 502 2210 onim
524 2145 606 2212 libro
634 2145 683 2230 (ΙΙ)
711 2153 785 2230 post
806 2163 934 2212 versum
958 2147 1019 2209 687
1044 2147 1219 2226 sequuntur
1240 2139 1273 2204 in

139 2243 305 2310 eodioibus
329 2245 362 2310 bi
383 2265 511 2312 versus:

226 2347 322 2431 quire
344 2348 464 2412 etiam
481 2350 634 2432 possim
655 2351 812 2415 nostris
833 2350 872 2412 io
894 2349 1075 2413 versibus
1097 2345 1197 2431 ipsis

227 2451 869 2517 multuelementuoa‘desmalta'a
892 2448 1275 2526 communicaveritis,

139 2556 204 2618 690
227 2575 309 2618 eam
333 2563 459 2619 tamen
481 2555 591 2620 irater
612 2577 650 2620 aa
672 2577 809 2620 verena
829 2578 873 2620 aa
895 2553 1016 2620 aerbo
1037 2571 1196 2618 neeesse
1218 2560 1278 2614 eat

226 2656 461 2742 confiteare
483 2657 550 2723 olio
572 2681 610 2724 es·
632 2657 706 2724 aliia
728 2667 873 2722 constare
893 2657 1071 2732 sternentis,-

226 2781 304 2822 non
326 2783 399 2844 quo
421 2762 545 2826 multa
562 2783 706 2845 parum
730 2761 899 2824 communis
922 2761 1030 2826 littero
1053 2765 1163 2822 currat

227 2869 283 2926 out
304 2863 394 2928 nullo
416 2864 498 2928 mter
519 2885 552 2928 se
573 2865 635 2928 <luo
658 2864 723 2928 aiat
744 2885 781 2928 es
803 2863 945 2928 ommam
967 2863 1058 2943 adem,

226 2965 296 3029 aad
316 2965 409 3050 quio
431 2987 505 3029 reon
535 2967 648 3052 oolqo
670 2965 793 3049 paria
822 2964 997 3031 omnibus
1020 2965 1148 3028 omnio

709 3074 906 3132 constent.

138 3172 204 3234 695
227 3169 275 3234 ab
295 3169 368 3233 ulr'r's
391 3171 424 3232 in
446 3170 539 3234 rebus
562 3169 636 3234 item
658 3170 833 3235 eommunia
854 3169 955 3234 multo

226 3274 397 3336 multatam
419 3281 525 3336 tarum
547 3294 617 3336 oum
638 3271 703 3336 sint
719 3271 909 3356 primordia,
938 3293 1044 3334 oerum

227 3375 376 3439 deasima'lr'
396 3382 499 3440 tomen
521 3375 605 3439 inter
626 3397 659 3439 ae
681 3376 849 3439 consistere
872 3395 992 3437 autumo

221 3485 377 3560 possunt,·
404 3485 440 3540 ut
461 3477 572 3542 merito
595 3497 634 3541 ea
656 3476 730 3541 aliis
752 3484 896 3540 constare
907 3477 1046 3560 feratur

226 3577 395 3643 humanum
415 3601 514 3664 penus
536 3587 567 3642 at
577 3580 698 3666 srupeo
719 3579 912 3662 arbustaque
933 3579 1028 3644 laeto.

447 3683 655 3766 oss-(691)
675 3709 717 3738 =
746 3683 772 3762 I,
792 3683 973 3763 823-(61.

446 3787 584 3868 (sonno
693 3783 792 3864 =11‚
818 3785 917 3865 (aaa).
937 3785 967 3846 r.

137 3888 198 3954 ldst
220 3887 318 3970 igitur
339 3886 425 3952 idom
440 3895 675 3970 argumentum,
702 3894 737 3953 nt
752 3907 804 3954 res
820 3885 980 3971 permixto
996 3884 1118 3950 semine
1134 3889 1281 3949 constare

139 3990 306 4074 probetur,
340 3990 393 4055 bie
421 3990 610 4056 adhibitum.
659 3991 816 4057 Aoenrate
845 3995 955 4055 entem
978 3986 1189 4054 consideratis
1218 3985 1275 4064 eis,

137 4111 223 4175 quae
246 4098 342 4158 antea
363 4099 501 4158 tractata
524 4097 614 4172 sunt,
648 4090 893 4159 similitudinem
922 4091 1099 4158 litterarum
1122 4095 1208 4155 rente
1229 4087 1280 4154 hio

140 4193 279 4275 positam
317 4213 390 4260 esse
424 4211 588 4278 negemus.
647 4193 731 4260 Nam
765 4195 1042 4261 demonstraturus
1080 4199 1149 4259 erat
1186 4198 1280 4277 poeta

143 4295 211 4376 [581
225 4297 322 4380 squ),
350 4317 390 4363 ex
413 4297 542 4361 variis
565 4297 780 4380 perscribas
801 4295 1047 4382 primordiorum
1063 4294 1209 4379 singulas
1228 4313 1280 4359 res

1040 4418 1073 4467 4*
