3274 4938
339 399 359 463 o
785 435 825 444 -
877 397 951 481 [oo]
998 433 1038 444 -

339 595 407 660 titis
430 594 598 660 ordiretur.
644 591 775 658 Constat
799 592 882 657 enim
906 597 1027 657 certum
1051 591 1207 676 quendam
1226 613 1389 657 numerum
1410 609 1482 656 ver-

339 723 429 768 suum
444 700 753 784 fragmentcrnmque
771 699 868 765 semel
886 699 1049 782 saepiusve
1067 699 1100 762 in
1115 698 1307 782 Theognidis
1320 697 1482 766 codicibus

338 811 439 894 repeti
461 809 557 892 idque
580 807 674 874 modo
697 807 815 872 eisdem
838 805 903 872 fere
926 805 1030 871 verbis
1053 805 1184 872 servatis
1203 807 1296 872 modo
1315 804 1482 872 sententiis

337 916 477 1001 paullum
501 915 638 980 variatis.
684 913 818 980 Causam
841 921 955 991 sutem,
979 933 1041 997 qua
1063 911 1224 990 librarius,
1247 913 1388 998 quisquis
1410 912 1481 988 fuit

338 1024 507 1108 perductus
531 1029 621 1099 esset,
644 1027 680 1086 ut
703 1021 881 1105 fragmenta
898 1020 1049 1086 nonnulla
1067 1021 1191 1105 saepius
1210 1020 1242 1084 iu
1261 1021 1344 1085 idem
1367 1019 1481 1086 collec-

337 1130 432 1196 tionis
468 1151 580 1214 corpus
616 1130 785 1213 reciperet,
821 1128 895 1193 inde
926 1128 1130 1212 repetendam
1167 1147 1235 1192 esse
1266 1127 1400 1193 coniecit
1431 1125 1481 1190 uir
1571 1163 1574 1170 ·

298 1315 300 1319 Ι
337 1236 548 1313 doctissimus,
576 1237 660 1319 quod
688 1257 758 1301 oum
785 1235 905 1301 nullum
933 1235 1116 1300 continuum
1139 1233 1171 1298 in
1195 1234 1399 1300 tumultuosis
1423 1233 1482 1298 illa

337 1345 482 1428 congerie
514 1344 742 1410 sententiarum
773 1363 886 1408 nexum
923 1341 1104 1419 invenisset,
1138 1339 1305 1407 verborum
1342 1341 1480 1425 quodam

338 1451 390 1516 filo
413 1456 578 1534 pertexere
596 1471 666 1516 eam
684 1449 841 1525 voluisset,
865 1455 960 1533 atque
982 1449 1037 1514 ubi
1061 1447 1191 1514 verbum
1214 1449 1291 1514 illud
1314 1455 1480 1514 conectens

337 1557 502 1632 defuisset,
525 1579 564 1622 ex
587 1557 632 1622 eis
655 1576 737 1639 quae
758 1557 822 1622 iam
846 1556 1022 1640 scripsisset
1044 1555 1185 1622 versibus
1208 1554 1288 1620 illud
1311 1555 1371 1621 sibi
1395 1557 1479 1620 acci-

337 1667 433 1731 visset
456 1665 638 1731 subsidium.
673 1701 676 1708 ·

425 1772 620 1838 Sententiam
651 1770 736 1836 illam
771 1769 811 1836 de
839 1769 970 1854 singulis
997 1769 1157 1836 vocabulis
1183 1769 1266 1835 binis
1293 1769 1480 1853 fragmentis

337 1877 552 1945 communibus
578 1878 774 1962 propositam
805 1877 925 1960 primus
955 1877 1041 1961 quod
1073 1876 1169 1942 sciam
1200 1877 1385 1943 retractavit
1416 1877 1479 1942 Th.
1578 1905 1579 1908 ¹

336 1985 572 2051 Fritzschius
595 1985 857 2051 commentatione
879 1983 991 2049 Philol.
1015 1983 1073 2050 rol.
1094 1983 1201 2048 XXIX
1224 1983 1268 2068 (p.
1287 1983 1480 2066 526-546)

336 2094 469 2170 inserta,
497 2113 591 2178 quam
614 2092 787 2174 inscripsit:
819 2091 894 2168 ‚Das
917 2090 1087 2157 Stichwort
1114 2091 1162 2156 als
1184 2090 1479 2176 Ordnnngspriucip

337 2203 393 2265 der
433 2199 724 2284 Theognideischen
765 2197 971 2282 Fragmenta?
1035 2197 1095 2276 Qui
1127 2219 1198 2264 cum
1229 2197 1308 2263 alias
1339 2197 1480 2264 rationes

336 2307 515 2372 Nietzschio
538 2307 666 2372 obstare
689 2306 845 2389 sagaciter
868 2307 961 2370 docet
983 2313 1051 2370 tum
1074 2304 1212 2392 (11531,
1234 2304 1306 2369 adn.
1330 2305 1365 2390 2)
1392 2309 1480 2370 recte

336 2420 442 2479 monet
465 2433 503 2478 ex
525 2413 676 2479 tredecim
699 2433 777 2494 quas
799 2411 998 2478 Nietzschius
1021 2411 1065 2497 (p.
1086 2413 1147 2476 161
1172 2418 1205 2477 et
1230 2411 1308 2496 168)
1331 2411 1481 2477 statuerit

336 2518 576 2603 repetitionibus
603 2520 637 2583 in
664 2525 813 2602 quattuor
839 2525 965 2584 tanturn
992 2540 1060 2585 eam
1087 2539 1183 2602 qnam
1210 2519 1237 2584 is
1260 2518 1407 2604 opinetur
1428 2539 1479 2584 re·

335 2626 464 2710 petendi
487 2647 611 2692 causam
633 2647 704 2691 cum
726 2625 833 2710 aliqua
853 2625 1088 2711 probabilitatis
1106 2626 1210 2710 specie
1233 2629 1360 2709 agnosci
1377 2647 1479 2710 posse.

336 2732 404 2797 Hoc
431 2753 494 2798 uno
521 2732 588 2798 fere
610 2732 989 2816 argumentoNietzschii
1013 2734 1194 2799 coniectura
1215 2733 1256 2798 ad
1279 2734 1404 2799 irritum
1427 2754 1480 2798 re-

336 2838 468 2923 digitur,
499 2845 536 2904 ut
566 2840 630 2905 elia
662 2861 742 2924 quac
770 2839 963 2906 Fritzscbius
996 2847 1082 2906 recte
1113 2842 1290 2925 proposuit,
1323 2840 1479 2906 hocloco

335 2949 436 3031 repeti
459 2967 538 3030 opus
560 2967 623 3012 non
646 2947 697 3012 sit

424 3052 536 3136 ltaque
562 3075 620 3120 nos
645 3054 743 3119 eliam
769 3054 902 3137 ingressi
925 3053 1021 3131 uam,
1048 3074 1111 3139 qua
1133 3055 1256 3120 ratione
1279 3053 1480 3122 corollarium

334 3159 413 3224 illud
445 3160 618 3244 elegiacum
650 3160 856 3245 compositum
888 3162 943 3238 sit,
974 3161 1105 3244 adsequi
1137 3161 1327 3230 conabimur.
1380 3160 1479 3227 Cuius

335 3267 404 3330 viee
427 3269 561 3350 vestigia
582 3268 646 3332 iam
664 3268 852 3334 monstravit
869 3267 1076 3346 Nietzschins,
1099 3289 1169 3334 cum
1193 3267 1264 3354 (1.1.
1284 3290 1312 3353 p.
1334 3269 1395 3336 169
1416 3269 1477 3354 sq.)

335 3373 474 3458 singulas
501 3375 699 3458 perlustrans
722 3375 894 3440 sententias
916 3382 1186 3451 commemoraret,
1214 3375 1327 3459 quibus
1350 3375 1479 3442 omnino

335 3478 403 3544 fieri
426 3481 583 3564 potuisset
605 3481 720 3558 causis,
742 3488 779 3547 ut
800 3487 851 3547 tot
874 3503 981 3550 versus
1003 3482 1131 3567 repetiti
1154 3483 1187 3546 in
1210 3481 1403 3567 Theognidis
1425 3501 1479 3548 co·

335 3588 420 3652 dices
456 3587 639 3672 irreperent
695 3588 786 3668 Quod
823 3591 906 3654 enim
937 3588 1060 3654 monuit
1091 3589 1296 3672 repetitiones
1327 3588 1399 3652 illas
1416 3586 1480 3654 ita

335 3693 426 3760 facile
447 3715 539 3778 posse
561 3695 721 3779 explicari,
743 3702 780 3761 ut
802 3696 1017 3762 collectionem
1040 3701 1179 3764 nostram
1202 3717 1241 3760 ex
1262 3691 1478 3779 compluribus

333 3801 463 3886 syllogis
490 3803 738 3886 conglutinatam
765 3823 833 3869 esse
860 3809 1083 3880 statueremus,
1114 3824 1134 3869 a
1160 3825 1234 3870 vero
1261 3823 1323 3869 non
1350 3802 1478 3870 videtur

334 3908 511 3986 aberrasse;
534 3931 726 3993 quamquam
748 3910 814 3993 ipse
837 3909 899 3976 hac
920 3911 1043 3976 ratione
1069 3908 1220 3994 syllogam
1242 3908 1478 3993 Theognideam

335 4007 584 4082 consarcinatam
612 4037 679 4082 esse
701 4017 804 4082 minus
827 4015 949 4100 probat.
995 4015 1137 4083 Eandem
1160 4015 1348 4083 sententiam
1369 4015 1479 4100 paullo

334 4129 408 4187 ante
430 4123 607 4206 protulerat
630 4123 866 4200 Rintelenus‚
889 4124 944 4206 qui
963 4124 997 4188 in
1014 4122 1114 4188 libelli
1136 4125 1185 4200 ‚de
1204 4123 1386 4207 Theognide
1409 4121 1479 4188 Me-

333 4229 458 4314 garensi
485 4228 588 4314 po'eta’
613 4229 797 4296 Monasterii
823 4229 908 4295 1863
936 4230 1015 4294 editi
1037 4251 1067 4314 p.
1090 4229 1133 4296 45
1153 4281 1159 4294 .
1180 4280 1212 4295 ..
1240 4230 1304 4315 ‚qui
1327 4227 1479 4295 nostram’

333 4336 450 4422 inquit,
477 4336 678 4422 ,farraginem
706 4336 875 4420 congessit,
906 4336 1139 4420 proculdubio
1167 4359 1228 4403 nou
1257 4357 1379 4404 summa
1406 4357 1480 4402 cum

334 4445 505 4528 sagacitate
533 4467 571 4511 ex
599 4444 811 4528 compluribus
838 4442 929 4508 libris
957 4465 1014 4509 sna
1042 4445 1217 4528 descripsit.
1268 4443 1320 4509 Sic
1346 4450 1480 4530 propter
