3304 4928
460 620 497 686 ¹S
903 647 911 686 τ
1256 624 1325 689 VO:

1116 728 1279 798 οκάοδικα
1321 729 1461 816 ἐπίπρα-

459 857 518 902 om.
973 821 976 828 Ἰ
1117 859 1205 906 oxon.
1231 830 1355 904 illotw
1366 832 1463 924 ἄγρια

860 966 918 1009 om.
1115 943 1249 1030 λάχανα.
1329 939 1461 1022 Ἄλλως·

314 1040 358 1136 μὴ
417 1041 660 1131 δποδειλιάσης.
1114 1047 1157 1142 μὴ
1218 1045 1463 1135 ἀποδειλιάοῃς,

314 1147 358 1242 μὴ
452 1149 622 1243 ἀμελήσῃς.
635 1158 660 1240 ¹)
1114 1153 1158 1248 μὴ
1229 1156 1460 1246 μεταμελήσης.

316 1259 464 1328 σκώπτει
519 1263 553 1328 δὲ
600 1255 661 1328 τὸν
716 1261 864 1330 σκώπτει
998 1257 1060 1332 τὸν
1116 1264 1263 1334 σκώπτει
1315 1267 1350 1332 δὲ
1398 1259 1462 1332 τὸν

315 1362 659 1457 Εὐριπίδηνὼςλαχα-
686 1378 689 1475 l
716 1363 1060 1458 Εὐριπίδηνὼςλαχα-
1115 1368 1301 1460 Εὐριπίδην
1310 1366 1461 1457 ὡςλαχα-

316 1473 506 1554 νοπώλιδος
574 1474 659 1544 υἱόν.
714 1475 906 1556 οοπώλιδος
929 1477 1014 1544 υἱόν.
1114 1479 1305 1558 οοπώλιδος
1374 1475 1459 1546 υἱόν.

229 1633 238 1654 .
316 1579 456 1664 οκάοδιξ
495 1584 531 1648 δὲ
574 1581 661 1663 εἶδος
1116 1584 1255 1668 σκάνδιξ
1296 1587 1331 1652 δὲ
1373 1583 1461 1663 εἶδος

315 1685 462 1773 λαχάνου
485 1695 641 1757 λεπτοῦ.
859 1715 917 1758 om.
1114 1692 1270 1780 λαχάνου.
1321 1695 1461 1780 (λεπτοῦ

1115 1803 1189 1889 om.)

841 2000 861 2078 s
886 1997 936 2060 ιο.

404 2136 470 2201 Iam
503 2144 699 2203 transeamus
736 2139 778 2203 ad
810 2159 863 2204 eas
895 2141 1128 2216 adnotationes
1165 2143 1197 2204 in
1230 2139 1343 2224 quibus
1375 2142 1459 2225 apud

315 2242 444 2310 Suidam
463 2246 592 2328 propria
609 2265 647 2310 ao
670 2245 838 2328 singularis
853 2247 1043 2312 scholiorum
1058 2246 1160 2312 forma
1174 2254 1340 2330 comparet.
1374 2248 1460 2326 Quas

317 2353 343 2414 si
367 2373 475 2416 omnes
497 2352 610 2417 uellem
634 2373 826 2430 enumerare,
849 2352 978 2419 chartae
1000 2376 1049 2418 me
1072 2354 1242 2419 misereret.
1281 2354 1361 2419 Nam
1380 2377 1459 2438 quo-

315 2459 399 2523 niam
431 2460 604 2524 dilacerata
634 2464 729 2543 atque
762 2460 878 2525 diffusa
908 2483 965 2544 per
992 2467 1095 2526 totum
1121 2461 1240 2526 lexicon
1270 2461 1457 2527 scholiorum

315 2567 405 2650 copia
428 2566 518 2644 iacet,
541 2571 572 2631 et
592 2565 706 2632 Suidas
728 2569 795 2650 ipse
819 2568 936 2632 iudicio
954 2569 1138 2651 plerumque
1157 2573 1252 2646 caret,
1275 2569 1344 2652 quis
1363 2571 1459 2634 mira

314 2673 401 2737 bitur
427 2673 592 2757 permultis
616 2675 692 2739 locis
715 2674 905 2739 scholiorum
927 2676 1108 2740 thesaurum
1132 2663 1252 2741 lacunis
1276 2683 1308 2741 et
1330 2697 1459 2761 corrup—

313 2781 385 2845 telis
409 2779 608 2862 inquinatum
631 2783 717 2846 esse?
749 2781 860 2864 Itaque
884 2784 961 2847 satis
984 2783 1086 2848 habeo
1110 2783 1282 2866 specimina
1303 2785 1457 2866 quaedam

313 2909 496 2971 expromere
519 2887 674 2970 grauioris
698 2888 940 2978 discrepantiae,
964 2891 1046 2955 inter
1069 2911 1150 2973 quae
1173 2896 1259 2966 sunt,
1283 2873 1464 2973 exquibus

313 2993 433 3076 aliquid
469 2993 547 3058 lucis
579 3000 612 3058 et
648 2995 876 3061 emendationis
909 2997 1036 3063 scholiis
1067 3000 1185 3062 nostris
1216 2997 1458 3082 Aristophaneis

313 3099 443 3165 affluere
466 3101 573 3184 possit.

401 3243 513 3326 Itaque
536 3244 577 3308 ad
601 3265 627 3307 v.
652 3243 731 3309 255:

414 3348 435 3414 S
460 3371 481 3414 s.
501 3350 541 3433 gl.
562 3343 740 3417 Ἡλιαοταί·
1140 3353 1244 3437 Vffl)

312 3456 475 3521 Ηλιασταὶ
497 3453 531 3521 oi
554 3454 590 3521 lv
609 3449 734 3546 Ἡλιαίᾳ
753 3459 842 3524 δικα-

314 3564 396 3632 σταί.
430 3555 555 3627 ‘illlata
575 3564 611 3628 dl
630 3556 669 3630 τὸ
687 3565 843 3656 μέγιστον
1066 3559 1191 3631 Ἡλιαὶα
1213 3557 1277 3652 γὰρ
1299 3585 1458 3653 μεγιστου

313 3665 527 3755 δικαστήριον
560 3663 750 3758 Ἀθήνησιν·
796 3670 842 3738 ol'-
925 3669 1138 3760 δικοστήριον
1159 3666 1341 3761 Ἀθήνησιν.
1367 3673 1399 3740 ol
1420 3676 1456 3740 δὲ

312 3800 400 3854 τινες
440 3768 507 3842 ὑπὸ
549 3785 619 3842 τῶν
661 3779 842 3865 δημοτῶν
924 3781 1076 3846 δικασταὶ
1099 3771 1165 3845 ὑπὸ
1189 3787 1261 3845 τῶν
1281 3783 1457 3868 δημαγω-

312 3883 505 3969 ἒτρέφοντο.
922 3894 1002 3970 γοῦν
1025 3886 1218 3973 ἐτρέφοντο.

400 4008 574 4075 Infeliciter
593 4009 644 4075 hie
658 4009 772 4076 Snidas
791 4011 956 4076 scribendo
971 4012 1126 4098 δημοτῶν
1140 4012 1293 4078 scholium
1306 4017 1457 4090 mutauit;

312 4117 406 4181 immo
438 4137 519 4200 quae
551 4117 711 4182 codicibus
745 4117 807 4193 V&
838 4119 1026 4183 adseruatur
1058 4120 1215 4203 scriptura
1246 4121 1457 4206 δημαγωγῶν

311 4225 430 4306 optime
452 4223 493 4287 ad
516 4228 629 4306 poetae
651 4245 776 4290 sensum
799 4227 943 4308 quadrat.

385 4400 403 4450 ¹l
422 4414 568 4468 perperam
588 4400 695 4456 Suidas.

383 4487 403 4547 ²)
423 4487 500 4542 deest
520 4489 544 4544 R
561 4491 626 4543 inde
646 4506 662 4543 a
682 4508 704 4543 v.
725 4492 785 4545 214.
