3258 4928
582 457 627 470 -
674 425 756 506 por,
804 457 847 469 -
1220 424 1282 486 ιιι

152 609 417 697 περιγενόμενος,
448 612 613 690 ξυνέσεως
635 604 808 696 ἀγώνισμα
832 611 1126 698 προσελάμβανε.“
1175 608 1222 676 Τὸ
1247 611 1282 676 δὲ

154 711 387 800 ,παρατυχόν“
413 708 488 780 ἀντὶ
510 721 571 780 τοῦ
593 722 841 802 ,παραχρημα“
866 729 974 784 κειται
996 719 1067 783 κτλ.
1109 717 1223 785 Verbis
1244 714 1281 780 τὸ

151 819 185 884 δὲ
211 869 217 884 .
240 871 246 884 .
269 871 274 883 .
300 831 408 884 κεῖται
429 819 534 903 iisque
557 838 641 902 quae
664 826 840 903 sequuntur
862 841 991 888 causam
1014 819 1184 900 contineri,
1218 840 1280 902 quo

150 929 323 988 commotus
339 921 524 989 obscuriora
536 921 633 987 etiam
648 921 806 1006 prioribus
816 923 1014 1008 Thucydidis
1029 923 1136 990 verbis
1148 943 1281 1008 eaquae

150 1025 240 1091 modo
262 1025 407 1091 laudavit
425 1025 600 1110 Dionysius
615 1023 742 1104 dixerit,
769 1026 975 1094 manifestum
990 1035 1050 1095 est.
1096 1025 1204 1106 Quare
1225 1047 1283 1112 pro

149 1127 193 1208 δέ,
214 1129 300 1214 quod
315 1149 394 1196 seno
409 1147 507 1196 sensu
524 1135 620 1210 caret,
640 1128 762 1196 scribes
780 1129 862 1215 γάρ.
902 1131 993 1198 idem
1009 1152 1096 1198 error
1109 1132 1283 1218 perticula-

149 1251 217 1298 rum
240 1232 277 1297 δέ
307 1239 339 1299 et
364 1229 428 1316 γάρ
458 1231 662 1298 confusarum
691 1233 1017 1319 oocumitp.10071r
1049 1229 1127 1301 οὐδὲ
1156 1231 1195 1322 δὴ
1223 1241 1283 1300 τοῦ

149 1339 341 1420 πρέποντος
364 1333 401 1400 ἐν
424 1328 555 1400 ἅπασιν
582 1332 816 1420 ἐπιτυγχάνει·
848 1330 1005 1424 ἀνθηρὰν
1027 1335 1103 1422 γὰρ
1131 1337 1178 1420 [δὲ
1199 1337 1277 1402 MR}

147 1439 203 1502 καὶ
225 1434 410 1524 θεατρικὴν
441 1433 630 1514 ἐκπαντὸς
658 1431 762 1517 ἀξιῶν
788 1432 877 1505 εἶναι
909 1438 971 1527 την
1000 1438 1207 1506 διάλεκτον.
1237 1491 1243 1504 .
1272 1493 1277 1504 ,

148 1535 373 1608 ἀπολείπεταί
402 1565 486 1608 ποτε
515 1549 577 1608 τοῦ
605 1547 815 1628 πρέποντος;
855 1543 895 1610 os.
921 1565 953 1630 p.
978 1549 1087 1611 ronco
1118 1543 1209 1610 ἐστιν
1237 1534 1282 1610 ὧν

148 1641 191 1711 ἄν
218 1670 270 1724 τις
299 1640 405 1733 αὐτὴν
433 1639 477 1723 ὡς
507 1642 716 1713 ἐλλιπόντων
744 1651 918 1732 μέμψαιτο
949 1697 957 1712 .
986 1698 1021 1712 ..
1056 1655 1192 1734 πρῶτον
1220 1649 1282 1730 μὲν

148 1758 205 1838 τῆς
233 1755 433 1834 συντομίας·
468 1748 697 1838 στοχαζομένη
728 1747 790 1836 γὰρ
931 1755 1042 1818 10061ι
1072 1750 1157 1835 μετὰ
1183 1759 1281 1818 τοῦτο

148 1861 206 1940 της
228 1861 440 1940 συστροφῆς·
472 1847 578 1920 ὑπτία
601 1850 664 1940 γάρ
689 1852 791 1920 ἐστιν.
839 1855 888 1920 De
910 1855 975 1921 alio
997 1855 1141 1922 eiusdem
1166 1857 1281 1924 erroris

146 1958 294 2043 exemplo
315 1957 389 2023 vide
412 1976 495 2041 quae
516 1956 601 2022 infra
621 1977 698 2042 pag.
713 1961 776 2024 223
799 1957 905 2024 dicam
928 1958 970 2024 ad
990 1981 1025 2045 p.
1043 1963 1120 2026 98οι
1143 1979 1230 2028 vers.
1250 1963 1279 2024 7.

232 2081 264 2143 p.
285 2061 391 2124 899ιεε
414 2056 540 2135 Διδοδς
562 2057 602 2146 δὴ
625 2057 662 2124 τὸ
686 2065 831 2145 πρῶτον,
859 2054 972 2146 ὥσπερ
996 2063 1053 2126 καί
1078 2056 1155 2127 κατ’
1174 2056 1280 2148 ἀρχὰς

147 2161 244 2247 ἔφην,
270 2159 308 2225 τὸ
332 2163 412 2244 περὶ
434 2159 495 2247 τὴν
523 2155 657 2247 εὕρεσιν
685 2169 746 2228 τοῦ
774 2167 997 2250 συγγραφέως
1027 2160 1189 2246 εὔστοχον
1215 2214 1221 2230 .
1243 2215 1278 2228 ..

145 2261 295 2350 θάτερον
311 2257 422 2329 οὐκέτι
437 2263 568 2346 δίδωμι,
584 2261 621 2328 τὸ
640 2266 721 2350 περὶ
734 2261 795 2342 τὰς
811 2263 1005 2348 οἰκονομίας
1022 2261 1113 2352 αὐτῷ
1128 2265 1282 2350 τεχνικὸν

146 2365 235 2453 πλὴν
258 2360 314 2432 ἐπ’
332 2361 457 2451 ὀλίγων
479 2364 572 2434 πάνυ
586 2366 807 2454 δημηγοριῶν.
848 2368 1000 2435 Reiskius
1016 2389 1074 2436 suo
1089 2371 1158 2436 inre
1173 2371 1207 2436 in
1223 2369 1280 2434 da-

144 2471 210 2536 tivo
226 2465 318 2555 αὐτῷ
339 2471 482 2552 offendit,
508 2491 614 2554 neque
628 2472 733 2538 minus
756 2477 853 2554 recte,
871 2492 954 2556 quae
968 2473 1025 2539 ille
1040 2474 1206 2558 proposuit
1221 2467 1282 2538 αδ-

144 2581 212 2639 τιῑιν
239 2575 334 2654 „scii
360 2567 581 2660 εὑρεθέντων,
607 2575 692 2658 quod
720 2576 910 2642 vocabulum
939 2577 1066 2643 tametsi
1094 2597 1158 2642 non
1186 2597 1282 2662 prae-

146 2678 260 2756 cessit,
287 2677 382 2744 facilc
404 2684 513 2745 tamen
536 2698 553 2744 e
577 2697 647 2745 voc.
673 2673 806 2764 εὕρεσιν
835 2679 1069 2746 subaudiatur“
1100 2680 1152 2744 vel
1175 2680 1281 2746 verbis

145 2781 350 2865 transpositis
372 2779 523 2865 θάτερον
545 2775 656 2847 οὐκέτι
678 2781 800 2863 δίδωμι
822 2775 923 2866 αὐτῷ,
950 2781 987 2848 τὸ
1012 2783 1091 2868 περὶ
1113 2777 1173 2857 τὰς
1190 2781 1280 2848 οἰκο-

143 2889 267 2968 νομίας
281 2882 443 2966 τεχνικόν,
471 2905 511 2950 ee
525 2885 712 2968 Kruegerus
727 2885 847 2952 reiecit.
887 2887 1033 2959 Dativus,
1061 2885 1094 2951 ni
1109 2884 1214 2965 fallor,
1240 2905 1281 2952 ex

143 2989 244 3056 verbo
266 2987 388 3070 δίδωμι
409 2987 566 3072 originem
588 2987 691 3064 duxit:
723 2989 900 3073 genitivum
924 2983 1029 3056 αὐτοῦ
1048 2988 1156 3076 {fuisse
1181 2990 1280 3055 verba

144 3091 372 3177 respondentia
394 3098 454 3157 τοῦ
477 3097 698 3178 συγγραφέως
721 3093 868 3177 probant.
908 3093 1081 3160 Latissime
1102 3092 1163 3160 boo
1186 3092 1280 3159 vitio-

145 3219 214 3262 rum
244 3216 346 3279 genus
377 3201 480 3279 patet;
519 3195 552 3261 in
583 3215 645 3278 quo
674 3216 900 3280 nonnunquam
930 3195 1108 3264 cavendum
1138 3203 1205 3278 est,
1239 3217 1279 3262 ne

144 3301 231 3366 salsa
245 3299 383 3366 lectione
395 3299 597 3366 coniecturae
609 3299 794 3366 fulciantur.
819 3296 928 3377 Quare
940 3299 1047 3366 fecere
1059 3317 1275 3383 nonpossum,

141 3403 220 3485 quin
235 3404 275 3467 A.
294 3401 492 3485 Kiessliugio
514 3401 676 3485 obloquor,
702 3402 758 3485 qui
779 3400 1280 3486 p.1027ossAmbrosianoduec

140 3506 189 3569 ita
212 3505 307 3570 scribi
331 3507 399 3570 vult
426 3507 458 3588 (l.
481 3507 503 3572 l.
529 3527 562 3590 p.
580 3509 672 3588 249);
699 3498 716 3570 ὁ
741 3505 944 3584 Μενέξενος,
972 3503 1009 3571 ἐν
1030 3495 1056 3589 ᾦ
1078 3501 1138 3568 τὸν
1161 3503 1280 3570 ἐπιτά-

140 3629 227 3692 φιον
242 3607 447 3690 διεξέρχεται
463 3606 573 3690 λόγον,
592 3601 637 3684 ὡς
650 3607 714 3689 μὲν
730 3605 804 3689 ἐμοὶ
820 3607 922 3684 δοκεῖ,
943 3605 1152 3693 Θουκυδίδην
1167 3629 1281 3690 παρα-

139 3707 358 3792 μιμούμενος,
386 3704 430 3786 ὡς
453 3705 487 3776 δ’
505 3704 608 3787 αὐτός
630 3731 744 3798 φησιν,
771 3707 913 3794 Άρχίνιμ
935 3712 993 3776 καὶ
1015 3713 1123 3775 Δίωνι
1138 3705 1279 3798 (ἀγωνι-

139 3812 284 3896 ζόμενος
296 3813 348 3880 vel
360 3811 652 3901 διαμιλλώμενος).
684 3815 793 3880 Datioi
804 3835 877 3880 mea
887 3814 1016 3897 quidem
1029 3815 1188 3880 sententia
1199 3816 1280 3880 scri-

139 3919 203 3984 bac
219 3917 382 3996 debentur,
408 3917 463 4000 qui
478 3937 518 3983 ex
533 3917 631 3983 verbo
647 3922 754 4004 φησίν
768 3938 807 3984 ee
823 3917 963 4002 pendere
986 3917 1121 4002 poterin
1147 3919 1279 4002 volgata

139 4022 237 4088 lectio
259 4017 414 4103 Ἀρχῖνον
435 4021 492 4086 καὶ
514 4024 632 4086 Δίωνα
655 4040 732 4086 vera
761 4021 870 4087 nescio
896 4020 988 4086 ouius
1011 4019 1194 4086 coniectura
1215 4029 1275 4086 est.

228 4146 258 4210 p.
279 4127 385 4188 915⁶‚ss
408 4122 585 4209 Dionysius
607 4123 852 4190 Atheniensium
871 4129 904 4190 et
924 4122 1091 4190 Meliorum
1114 4122 1277 4208 dialogum

136 4229 332 4294 examinans
360 4227 461 4293 verba
487 4227 556 4292 LV
585 4230 696 4293 c.105
721 4228 738 4311 §
764 4232 777 4290 t
810 4227 857 4292 ita
885 4225 1125 4312 interpretatur:
1159 4220 1212 4292 ὅτι
1239 4223 1277 4294 τὸ

136 4331 205 4412 μὲν
225 4335 327 4396 θεῖον
348 4326 428 4416 δόξη
452 4327 672 4415 γινώσκουσιν
695 4325 856 4408 ἅπαντες,
881 4327 923 4393 τὰ
945 4329 982 4395 δὲ
1003 4323 1092 4413 πρὸς
1115 4322 1279 4416 ἀλλήλους
