3258 4928
576 427 621 442 -
666 391 752 476 [ner]
799 427 844 442 -
1218 389 1277 454 ιον

229 603 261 667 p.
281 585 387 648 5929ss
408 581 456 648 ita
469 581 559 666 lego:
588 578 620 646 oi
642 579 679 645 δὲ
690 573 903 663 Ἰσοκράτους
918 578 975 644 καί
990 581 1127 644 Λυσίου
1147 579 1200 660 (se.
1220 575 1279 644 λό-

146 687 204 772 γοι)
226 681 356 762 παντὸς
377 681 524 768 μάλιστα
540 684 666 751 δίκαιοί
687 707 723 748 τε
746 683 803 749 καὶ
823 675 964 770 ἀληθεῖς
984 684 1039 764 [ne.
1057 680 1216 748 δοκοῦσιν
1230 675 1279 747 εί-

144 791 224 874 vua),
261 783 325 854 κάν
357 785 402 876 μὴ
432 794 573 856 τοιαῦτα
596 777 663 877 (ᾗ)
692 783 734 852 τά
763 783 948 873 πράγματα
982 783 1018 852 έν
1047 778 1174 862 αὐτοῖς.
1227 785 1278 852 Ad

145 892 383 960 nouomdouem
412 890 499 960 vo'eis
526 879 547 978 ᾗ
570 892 716 960 eouieree
744 913 777 976 p.
796 894 873 956 476⁷
907 884 991 957 όταν
1018 888 1204 974 διαπορῶ.
1232 938 1240 954 .
1268 937 1276 953 .

144 997 200 1064 καὶ
223 994 268 1084 μὴ
292 992 411 1082 ῥάδων
433 983 453 1082 ᾖ
475 995 546 1060 κτλ.

229 1121 262 1184 p.
281 1103 402 1166 595mss
428 1102 470 1162 Τί
493 1096 531 1187 δὴ
556 1104 662 1164 ταῦτα
684 1095 727 1162 τά
748 1101 914 1182 προοίμια
936 1090 1091 1183 άλλήλων
1105 1093 1275 1183 διαφέρεις

146 1201 239 1289 παρά
260 1207 380 1289 Λυσίᾳ
401 1203 465 1286 μὲν
479 1196 575 1292 ἡδεῖά
597 1201 689 1268 ἔστιν
705 1195 725 1289 ἡ
742 1199 894 1288 εἰσβολὴ·
923 1202 993 1266 καί
1016 1194 1060 1266 δι’
1076 1195 1175 1268 οὐδὲν
1197 1195 1278 1266 άλλο

145 1307 273 1389 μᾶλλον
294 1301 314 1393 ἢ
337 1300 391 1371 ότι
412 1313 562 1393 φυσικῶς
585 1328 660 1382 πως
682 1303 812 1392 ε’ίρηται
833 1305 891 1370 καί
906 1297 1052 1391 ἀφελῶς.
1091 1308 1161 1369 Καί
1177 1305 1280 1390 purti-

145 1412 250 1478 uulem
272 1417 347 1476 ante
371 1403 418 1476 δι’
434 1405 543 1492 οὐδέν,
570 1409 647 1493 qnia
662 1409 796 1476 verbum
818 1407 943 1474 finitum
957 1407 1092 1494 copulae
1115 1406 1207 1475 ἐστιν
1227 1428 1281 1474 re-

145 1515 307 1600 spondens
335 1534 399 1580 non
421 1513 575 1597 nequitur,
601 1511 774 1580 delendum
797 1531 869 1580 enne
892 1529 1018 1580 neuneu.
1062 1511 1136 1578 Una
1155 1518 1281 1578 tuntum

144 1622 323 1702 causaest,
349 1636 406 1684 eur
422 1615 542 1701 Lysiae
563 1614 730 1688 exordium
752 1635 851 1682 suere
873 1615 925 1682 sit.
965 1614 1055 1681 idem
1077 1615 1189 1682 vitium
1211 1615 1282 1682 rol-

144 1727 221 1806 gata
235 1720 317 1788 tollit
332 1741 364 1806 p.
380 1724 457 1786 453⁴
481 1719 667 1786 διετέλεσεν
684 1711 810 1786 αδτόθι
832 1715 1095 1801 πολιτευόμενος
1118 1716 1155 1786 έν
1177 1713 1281 1786 εὐπο-

146 1829 202 1911 ρίῳ
224 1825 357 1909 πολλῇ,
392 1824 492 1906 καίί)
517 1823 652 1910 [πολλῆι
673 1823 731 1888 καί
751 1823 789 1906 F]
815 1826 915 1908 μέχρι
940 1828 1000 1909 τῆς
1022 1829 1201 1910 συμφορᾶς
1223 1829 1281 1910 τῆς

144 1924 377 2014 κατασχούσης
398 1925 604 2014 Ἀθηναίους
627 1924 663 1992 ἐν
685 1926 822 2012 Σικελίᾳ
836 1925 918 1992 PM:
943 1925 1000 1990 καί
1022 1945 1085 1992 om.
1110 1927 1148 1992 R.
1196 1926 1281 1992 Nem

145 2053 185 2100 ue
214 2030 292 2114 quid
313 2030 514 2097 internidisse
537 2035 684 2115 putemus
710 2028 810 2095 veluti
831 2027 975 2115 μεγάλη,
1009 2036 1042 2095 et
1063 2029 1144 2095 ratio
1166 2029 1282 2097 suadet

144 2171 186 2184 -
209 2133 366 2218 languida
389 2133 475 2199 enim
502 2130 663 2199 renuntia
684 2138 773 2198 esset
793 2168 837 2180 —
859 2138 892 2198 et
911 2131 1060 2215 Dionysii
1085 2131 1281 2200 consuetudo

145 2237 253 2316 docet,
287 2235 341 2318 qui
370 2229 515 2320 εὐπορία
549 2233 657 2320 πολλὴ
692 2235 749 2298 καί
776 2230 903 2320 μεγάλη
933 2232 967 2300 in
1000 2232 1165 2302 rhetoricis
1195 2241 1281 2302 uerte

146 2338 272 2426 seriptis
287 2357 350 2404 non
367 2337 457 2417 dixit,
477 2356 579 2420 neque
591 2335 825 2419 Antiquitatum
841 2343 951 2424 partes
962 2336 1070 2402 varias
1084 2339 1282 2424 percurrenti

145 2442 224 2509 mihi
246 2441 327 2508 haee
349 2441 468 2508 locutio
491 2439 615 2507 obviam
640 2440 726 2506 fautu
747 2446 807 2508 eet.
853 2439 970 2508 Contra
999 2432 1143 2527 εὐπορία
1172 2437 1280 2530 πολλή

145 2546 264 2630 legitur
286 2567 318 2631 p.
338 2548 414 2610 4463
439 2541 476 2610 έν
499 2538 644 2631 εὐπορίᾳ
669 2595 676 2608 .
699 2594 732 2608 ..
758 2544 892 2610 πλείονι
913 2551 971 2631 της
994 2541 1110 2631 ἑτέρας
1133 2544 1256 2633 διῆγεν.

231 2671 263 2736 p.
284 2651 389 2714 598333
407 2639 445 2714 Ὁ
468 2648 531 2731 μὲν
548 2640 673 2724 Ἰσαῖος
696 2644 873 2734 ἐπιτρόπῳ
902 2647 969 2718 τινὶ
999 2644 1165 2728 συντάξας
1193 2641 1282 2714 άπο-

147 2755 267 2838 λογίαν
285 2804 291 2818 .
312 2804 318 2817 .
342 2747 504 2837 ,τοιαύτῃ
528 2755 686 2838 κέχρηται
710 2744 805 2838 άρχῇ.
852 2751 941 2836 Lego
964 2748 1101 2837 τοιαύτῃ
1125 2757 1282 2841 κέχρηται

146 2855 242 2945 (τῇ)
266 2849 362 2940 άρχῇ,
389 2861 423 2920 ut
445 2855 479 2920 in
501 2855 571 2921 loeo
593 2875 732 2939 congruo
754 2857 928 2941 p59912ss
951 2848 969 2921 ό
993 2854 1029 2920 δέ
1051 2860 1188 2933 Λυσίας
1214 2907 1221 2922 .
1243 2907 1250 2922 .
1273 2909 1279 2923 .

145 2956 289 3044 τοιούτῳ
312 2963 470 3045 κέχρηται
492 2963 544 3043 τῷ
567 2963 749 3043 προοιμίῳ.
795 2957 939 3025 Eandem
967 2957 1116 3043 Dionysii
1147 2980 1282 3026 cousue-

145 3063 288 3130 tudinem
315 3067 443 3128 necutun
473 3064 667 3146 p.1122nss
694 3061 741 3128 ite
769 3061 887 3129 scribo:
927 3059 967 3126 “A
989 3061 1028 3126 δέ
1056 3061 1090 3148 γ’
1114 3061 1282 3151 Αἰσχίνης

145 3167 227 3254 περί
249 3159 354 3232 αὐτοῦ
375 3161 499 3252 γράφει
521 3171 754 3252 συκοφαντῶν,
788 3159 901 3252 ῶσπερ
924 3163 1021 3252 ἔφην,
1054 3163 1130 3230 τοτὲ
1152 3160 1282 3248 μένεός

145 3281 281 3358 πικροῖς
298 3269 354 3334 καὶ
370 3273 561 3356 περιέργοις
577 3265 713 3357 (τοῖς)
728 3261 874 3351 ὀνόμασι
888 3271 1074 3355 χρωμένου,
1099 3268 1174 3334 τοτὲ
1190 3262 1223 3334 δ’
1238 3263 1282 3348 ῶς

145 3368 265 3462 ἀηδέσι
276 3374 334 3438 καί
346 3383 530 3459 φορτικοῖς,
547 3370 667 3458 ῥᾳδίας
683 3371 752 3454 ἕχει
763 3369 823 3448 τὰς
835 3357 1037 3457 άπολογίαςζ
1053 3371 1094 3437 σί.
1109 3393 1141 3458 p.
1157 3374 1277 3456 nunu,

144 3477 201 3544 ubi
228 3476 269 3543 de
299 3476 411 3544 eodem
434 3475 594 3543 Aeschine
615 3474 791 3560 Dionysius
820 3475 967 3558 loquitur:
1007 3471 1054 3540 Τὸ
1078 3473 1114 3539 δέ
1138 3473 1283 3562 φάσκειν

146 3591 323 3668 φορτικοῖς
346 3580 402 3645 καὶ
426 3573 543 3666 άηδέσι
571 3590 662 3656 τοῖς
692 3571 858 3662 ὀνόμασιν
880 3571 984 3646 αὐτόν
1006 3582 1194 3665 κεχρῆσθαι
1215 3577 1283 3644 πό-

146 3689 212 3748 θεν
242 3680 394 3769 ἐπῆλθεν
422 3676 514 3767 αὐτῷ
535 3682 653 3766 λέγειν,
686 3675 775 3765 ὑπὲρ
805 3678 918 3748 πάντα
941 3680 1044 3766 ἔγωγε
1066 3679 1280 3764 τεθαύμακα.

144 3785 261 3852 Itidem
285 3785 453 3852 articulum
476 3783 560 3852 addo
583 3806 615 3870 p.
638 3789 747 3852 106οω
772 3784 864 3852 δοκεῖ
881 3783 920 3873 δή
936 3807 996 3868 μοι
1011 3791 1077 3851 τῶν
1090 3784 1154 3867 μὲν
1167 3778 1282 3873 ὑψηλῇ

144 3889 204 3956 καί
219 3893 357 3973 περιττῇ
372 3888 428 3952 καί
452 3885 678 3974 ἐξηλλαγμένῃ
693 3884 786 3976 (τῇ)
803 3888 892 3968 λέξει
907 3891 1120 3976 κεχρημένων
1142 3886 1281 3956 κατὰτὸ

145 3996 359 4080 σαφέστερον
394 3992 451 4058 καί
480 3988 674 4078 κοινότερον
800 3985 963 4078 προύχειν
993 3985 1010 4056 ό
1040 3995 1278 4080 Δημοσθένης,

143 4097 187 4164 σί.
213 4119 246 4182 p.
267 4099 342 4162 1822
365 4092 511 4178 μάλιστα
534 4091 674 4162 πάντων
688 4101 754 4160 τῶν
769 4093 855 4180 πεζῇ
877 4102 922 4182 τῇ
945 4095 1034 4174 λέξει
1047 4099 1279 4182 χρησαμένων.

147 4237 355 4254 -ffl

219 4321 235 4385 ί)
256 4321 312 4384 καί,
333 4341 351 4374 α
368 4321 399 4378 iu
416 4338 471 4376 ree.
486 4321 534 4376 Ml.
