3304 4928
784 474 822 484 -
873 432 963 524 [aas]
1011 473 1052 484 -

731 702 868 768 CAPVT
892 701 1118 780 QVARTVM.

864 849 884 927 e
907 845 959 911 24.

429 971 496 1036 Iam
520 971 683 1037 uideamus
706 991 787 1054 quae
810 971 893 1035 ratio
911 969 1089 1034 intercedat
1106 969 1190 1034 inter
1209 968 1329 1034 scholia
1347 969 1491 1035 Suidana

295 1113 298 1118 v
341 1085 373 1143 ct
391 1078 615 1156 Rauennatem,
639 1099 732 1162 quem
756 1079 959 1161 integriorem
984 1076 1117 1140 formam
1138 1076 1322 1159 plerumque
1345 1097 1489 1142 seruasse

339 1207 436 1269 supra
457 1186 643 1262 memoraui,
666 1191 698 1250 et
721 1186 844 1251 codices
874 1182 941 1261 Vs,
969 1185 1023 1266 qui
1052 1183 1185 1248 eandem
1209 1183 1275 1248 fere
1298 1183 1488 1248 scholiorum

340 1294 462 1378 copiam
485 1293 680 1376 formamque
702 1297 942 1376 repraesentant
966 1297 1061 1375 atque
1085 1289 1207 1356 suidas.

428 1401 533 1483 Atque
565 1400 599 1464 in
626 1399 973 1484 Thesmophoriacusis,
1005 1398 1061 1462 ubi
1093 1399 1160 1462 solo
1189 1396 1259 1463 cnm
1287 1398 1328 1462 13θ
1356 1397 1486 1462 Suidam

341 1527 524 1591 comparare
556 1507 644 1583 lieet,
681 1508 837 1572 assentiar
869 1504 1044 1571 Fritzschio
1056 1504 1096 1592 ¹),
1128 1507 1197 1588 qui:
1233 1505 1341 1585 Recte,
1374 1505 1487 1588 inquit,

338 1613 459 1678 dudum
490 1613 693 1677 iadicorrcret
728 1613 958 1678 Valckenarius
989 1613 1025 1676 ia
1054 1611 1204 1676 Dahae
1232 1616 1304 1696 (1³9.
1330 1615 1410 1694 49):
1444 1611 1486 1674 Ia

337 1723 434 1786 istam
452 1720 598 1802 fabulam
615 1721 734 1785 scholio
754 1725 862 1785 lietera
881 1741 946 1786 aon
959 1741 1069 1800 pauco
1082 1724 1219 1800 possunt
1243 1719 1332 1800 apud
1350 1719 1485 1782 Suidom

338 1829 489 1908 repcriri,·
517 1849 614 1909 quam
641 1849 707 1892 rem
733 1832 801 1892 tem
828 1829 983 1910 insiyacm
1007 1829 1065 1891 uic
1087 1827 1200 1891 credas
1222 1832 1290 1890 tam
1312 1827 1368 1890 dio
1387 1847 1484 1907 prac-

337 1938 433 2000 tcrire
455 1937 545 2000 uiros
567 1935 674 2000 doctos
693 1937 844 2016 potasse.
882 1935 992 2015 Neque
1015 1936 1098 1998 enim
1120 1937 1157 1998 in
1179 1933 1248 1997 ullo
1268 1933 1338 1998 alia
1357 1935 1483 1998 Aristo-

331 2044 454 2125 phanis
472 2042 585 2124 fabulo
604 2043 726 2106 Seridas
743 2046 868 2106 urescere
888 2046 916 2106 ct
935 2043 1034 2107 henric
1053 2046 1147 2106 colec
1165 2039 1285 2106 scholio
1305 2045 1371 2104 tam
1391 2063 1485 2122 saepe

337 2149 531 2232 compilarit.
578 2150 690 2230 hhrper
713 2149 808 2214 editis
830 2171 851 2212 a
874 2149 1016 2214 Belclscro
1041 2149 1169 2213 scholiis
1198 2148 1274 2212 lihri
1301 2147 1484 2231 13650ρηὶ-

336 2262 403 2321 tum
431 2263 491 2335 est,
519 2256 656 2322 Suidom
683 2257 760 2321 hoec
786 2258 858 2337 ipsa
886 2256 1006 2320 scholio
1034 2256 1251 2336 descripsisse,
1280 2255 1339 2320 acl
1363 2255 1483 2320 dicem

335 2365 441 2429 ambo
464 2385 479 2428 c
502 2364 685 2428 coaimuai
707 2363 814 2444 fonte
842 2363 1058 2428 doctrinam
1083 2385 1190 2427 silam
1217 2363 1392 2428 derisisse
1418 2383 1485 2427 nec

335 2473 413 2535 uisi
436 2471 574 2536 leniter
596 2472 699 2534 inter
725 2492 761 2534 se
788 2471 1011 2534 miliarisia
1036 2472 1143 2534 rebus
1166 2470 1396 2550 discrepare.
1439 2471 1482 2534 Et

335 2579 477 2662 prolecto
497 2579 529 2642 in
549 2580 609 2643 hac
627 2577 736 2642 fabula
750 2577 866 2644 Suidae
881 2599 940 2644 nec
957 2580 1131 2643 auctiorem
1146 2578 1336 2643 scholiorum
1350 2576 1483 2642 formam

335 2686 465 2750 exhibet
487 2691 613 2770 praeter
636 2685 755 2768 glossas
778 2685 849 2749 illas
873 2685 1093 2750 interlineares
1116 2687 1149 2749 in
1167 2686 1264 2750 tertio
1283 2685 1386 2767 capite
1406 2707 1483 2750 enu-

334 2798 484 2870 meratas,
516 2813 574 2856 nec
601 2793 742 2869 omnino,
773 2791 799 2857 si
828 2796 992 2874 corruptos
1020 2791 1173 2874 quosdam
1201 2799 1233 2856 et
1261 2792 1422 2856 mutilatos
1449 2791 1483 2856 in

334 2901 373 2964 11ὓ
390 2901 475 2964 locos
495 2899 647 2974 omiseris,
670 2899 763 2963 ualde
782 2897 823 2963 ab
842 2920 880 2962 eo
899 2899 1100 2982 discrepat.²)
1129 2897 1244 2963 Suidae
1263 2903 1370 2963 autem
1383 2899 1482 2982 scrip-

333 3014 424 3072 turae
447 3008 480 3070 in
503 3005 631 3070 scholiis
655 3005 878 3088 discrepantes,
901 3027 939 3070 ex
958 3005 1072 3090 quibus
1091 3006 1218 3089 quidem
1239 3005 1360 3088 aliquid
1377 3027 1482 3071 emen-

333 3114 471 3180 dationis
494 3111 621 3178 scholiis
643 3111 691 3175 m-
720 3111 843 3177 hauriri
871 3113 984 3196 possit,
1012 3112 1053 3177 ab
1082 3113 1207 3196 Engero
1236 3111 1422 3178 obseruatae
1450 3120 1483 3178 et

332 3222 504 3286 adnotatae
536 3224 609 3284 sunt
637 3221 678 3283 ad
701 3240 747 3284 vv.
771 3220 815 3284 52
848 3221 891 3285 94
927 3219 988 3284 129
1025 3221 1084 3285 131
1123 3220 1186 3286 179
1220 3220 1282 3286 231
1319 3219 1383 3283 232
1416 3221 1481 3284 258

333 3329 392 3394 361
427 3327 492 3391 274
521 3327 585 3390 373
610 3325 673 3390 389
699 3325 764 3391 393
788 3326 854 3391 395
879 3327 943 3392 458
967 3328 1033 3392 516
1057 3327 1121 3390 567
1147 3327 1213 3391 572
1237 3327 1302 3391 616
1326 3326 1391 3391 648
1417 3327 1483 3392 770

334 3435 397 3499 773
422 3433 486 3498 868
513 3433 608 3500 1175.

420 3539 525 3606 Vnum
549 3542 634 3607 addo
657 3539 775 3606 locem:

419 3648 468 3712 Ad
492 3670 519 3712 v.
542 3648 622 3713 300:
723 3633 731 3659 ⁹

348 3753 462 3821 Suidas
480 3777 504 3820 s.
524 3755 565 3838 gl.
584 3751 841 3840 Κουροτρόφος·
902 3753 905 3816 1
1190 3754 1231 3818 R:

374 3857 618 3947 Κουροτρόφος
654 3869 708 3949 γῆ·
756 3858 863 3946 Ταύτῃ
991 3860 1055 3926 εἴτε
1088 3868 1128 3944 τῇ
1156 3869 1196 3944 γῇ
1225 3859 1289 3926 εἴτε
1317 3869 1357 3944 τῇ
1387 3856 1481 3952 ἑστίᾳ

330 3968 365 4033 δὲ
390 3970 493 4034 θῦσαί
518 3981 599 4050 ocor
621 3976 762 4054 πρῶτον
785 3961 862 4054 lior·
945 3959 1070 4053 ὁμοίως
1092 3959 1159 4054 πρὸ
1188 3976 1251 4035 τοῦ
1274 3961 1350 4046 Διὸς
1374 3965 1479 4036 θύου·

326 4071 472 4160 χθόνιον
487 4073 524 4138 ἐν
539 4067 721 4160 ἀκροπόλει
732 4077 789 4142 καὶ
797 4079 861 4156 βω·
944 4093 998 4140 σιν
1022 4067 1114 4160 αὐτῇ.

402 4237 420 4298 ¹)
440 4234 606 4303 Thesmoph.
627 4251 672 4304 pg.
692 4238 734 4290 82.

400 4323 420 4372 'l
444 4323 638 4393 Bemhsrdyus
663 4324 690 4378 in
717 4325 879 4379 commenti.
905 4322 939 4376 de
964 4323 1066 4378 Suidae
1090 4323 1181 4379 lexico
1205 4342 1249 4394 pg.
1269 4325 1317 4379 48:
1345 4323 1422 4379 Nam
1446 4329 1478 4382 in

327 4411 514 4482 IAJsrstrotam
529 4417 554 4466 ct
572 4413 876 4483 ilsesmoplroriazasas,
894 4411 943 4464 ubi
956 4412 1060 4466 scholia
1074 4419 1221 4467 rarescunt
1235 4419 1261 4468 et
1275 4419 1476 4486 extenuantur,

326 4501 396 4554 erdril
415 4501 512 4555 obtulit
531 4501 558 4556 R
576 4503 705 4570 amplius,
726 4504 796 4569 quia
815 4501 845 4555 id
864 4499 945 4569 apud
964 4501 1084 4556 Salduie
1104 4503 1276 4556 irsucuiutur.
