3258 4928
318 384 379 446 res
480 435 483 444 .
753 417 796 428 .-
845 382 928 462 pror
976 417 1017 428 .-

319 569 426 636 verbis
448 569 675 636 Demosthenis
697 570 815 636 virtute
842 577 967 653 egetur,
1000 571 1099 635 verbe
1127 565 1187 654 τήν
1211 562 1336 654 ἀρετήν
1364 568 1461 633 latius

318 673 465 759 petentia
486 673 718 740 restrictionem
741 673 917 756 requirunt.
957 672 1150 757 EDionysii
1172 691 1260 738 more
1275 671 1459 756 scripserim

319 783 497 862 μαρτυρῶν
523 777 677 861 πολλαχῇ
693 773 884 864 (ταύτην)
907 771 968 863 τήν
998 769 1121 862 ἀρετήν
1142 781 1188 860 τῷ
1212 773 1328 862 ῥήτορι
1357 771 1461 838 κατά-

319 879 419 967 δηλός
443 878 514 945 ἐστι
540 881 597 945 καὶ
628 879 745 966 ζηλῶν.
793 880 843 947 Cs.
869 902 902 965 p.
924 883 1035 944 106511
1064 873 1231 963 ἀγάμενος
1259 881 1314 963 (so.
1334 877 1460 960 Αἰσχί-

321 987 386 1069 νης)
416 977 537 1070 αὐτῆς
567 982 704 1070 ἐκλογῆς
734 989 800 1049 τῶν
830 977 1008 1067 ὀνομάτων
1030 975 1151 1064 αὐτὸν,
1187 976 1273 1046 ἀλλὰ
1295 988 1353 1068 τῆς
1381 1002 1460 1048 ουν-

321 1092 453 1163 θέσεως
476 1080 718 1172 ἀναμφιλόγως
745 1079 836 1172 αὐτῷ
858 1084 983 1172 ταύτην
1005 1083 1268 1172 παρακεχώρηκε
1299 1081 1359 1172 τήν
1383 1077 1461 1169 δρε-

319 1188 390 1277 τήν.
433 1194 529 1256 1063ι
555 1184 704 1266 ἅπαντες
727 1189 791 1275 γὰρ
814 1178 852 1256 εὖ
875 1183 942 1255 οἶδ’
962 1183 1016 1254 ότι
1038 1186 1163 1274 ταύτην
1185 1183 1277 1273 αὐτῷ
1299 1185 1360 1276 τήν
1383 1181 1462 1273 άρε-

320 1290 380 1379 τήν
410 1287 453 1359 άν
478 1290 739 1379 μαρτυρήσειαν.
791 1296 887 1358 roem
910 1291 989 1359 δέον
1011 1289 1233 1372 ἐξετάζεσθαι
1255 1286 1315 1368 τὰς
1339 1285 1462 1377 ἀρετὰς

320 1395 455 1473 ταύτας.

404 1522 438 1585 p.
460 1503 601 1564 roeonss
634 1496 765 1564 Τούτου
788 1493 819 1563 δ’
838 1497 950 1575 αἰτίας
979 1496 1095 1581 οἴομαι
1122 1500 1287 1582 γενέσθαι
1315 1494 1457 1573 πολλάς.

319 1610 454 1688 πρῶτον
475 1602 538 1685 μὲν
560 1598 622 1688 τήν
644 1600 788 1667 ἑκάστου
811 1600 941 1689 φύσιν.
963 1651 970 1666 .
992 1651 998 1666 .
1024 1601 1185 1688 δευτέραν
1208 1601 1244 1668 δὲ
1268 1598 1328 1688 τήν
1351 1599 1386 1666 ἐκ
1403 1597 1462 1666 λό-

321 1729 383 1790 γου
405 1707 462 1771 καὶ
484 1711 716 1791 προαιρέσεως
740 1703 957 1794 ἐμφυομένην
979 1704 1083 1786 δόξαν
1108 1759 1114 1772 .
1135 1755 1143 1771 .
1165 1757 1171 1770 .
1202 1709 1319 1792 τρίτην
1341 1704 1377 1770 δὲ
1400 1702 1464 1791 τήν

321 1808 356 1874 ἐκ
380 1813 565 1896 συνηθείας
587 1814 726 1896 χρονίου
748 1809 1085 1896 κατασκευαζομένην
1099 1803 1278 1896 ὑπόληψιν
1293 1803 1337 1886 ὡς
1353 1831 1463 1875 σπου-

320 1912 378 1999 δής
402 1906 506 1992 ἀξίων
522 1903 567 1978 ὧν
583 1907 625 1979 άν
640 1910 719 1990 τοὺς
742 1909 907 1996 ἐθισμοὺς
929 1911 1097 1995 λάβωμεν.
1134 1909 1298 1999 τετάρτην
1321 1909 1379 1977 ἐπὶ
1401 1910 1464 1998 τήν

319 2012 408 2102 πρὸς
442 2013 501 2092 οὓς
534 2009 576 2082 ἂν
610 2013 890 2102 φιλοτιμούμενοι
922 2014 1146 2101 τυγχάνομεν,
1181 2010 1277 2082 ὁποῖ’
1304 2010 1389 2080 deva
1419 2010 1463 2081 διν

322 2118 444 2185 ἐκεῖνοι
468 2118 619 2205 ζηλῶσιν,
648 2113 829 2207 ἀναφοράν
850 2143 885 2185 τε
909 2121 966 2184 καί
980 2125 1133 2207 μίμησιν.
1171 2120 1313 2186 Primum
1336 2120 1462 2186 scribas

319 2220 487 2310 πρώτην
513 2222 591 2306 μὲν,
618 2230 653 2289 ut
675 2223 709 2289 in
732 2224 940 2307 sequentibus
963 2221 1125 2308 δευτέραν
1147 2228 1263 2316 τρίτην
1284 2220 1457 2309 τετάρτην.

318 2326 470 2408 Verbum,
496 2327 582 2410 quod
605 2347 679 2392 mox
694 2326 821 2411 legitur,
850 2320 955 2406 ἀξίων
968 2325 1048 2394 nihil
1065 2326 1171 2408 habet,
1195 2327 1281 2393 unde
1303 2327 1455 2412 pendeat.

319 2430 414 2514 Apud
436 2429 626 2515 Dionysium
650 2431 848 2514 exemplum,
882 2450 945 2512 quo
967 2430 1052 2495 huno
1074 2431 1179 2496 locum
1201 2429 1361 2512 integrum
1385 2448 1459 2494 esre

275 2569 281 2582 ·
319 2533 496 2617 probarem,
521 2553 586 2598 non
608 2533 732 2610 inveni;
758 2533 843 2598 addo
865 2533 972 2616 igitur,
999 2533 1084 2616 quod
1106 2532 1192 2599 omni
1214 2531 1308 2599 modo
1332 2531 1460 2616 flagita-

319 2643 371 2701 tur
393 2635 616 2721 participium:
650 2632 710 2723 τήν
736 2687 742 2699 .
761 2625 770 2699 ’.
793 2685 799 2698 .
825 2629 1003 2722 ὑπόληψιν
1019 2629 1062 2713 ὡς
1079 2635 1230 2722 σπουδῆς
1247 2630 1352 2715 ἀξίων
1370 2630 1407 2724 (ό
1414 2660 1461 2702 ν-

320 2736 416 2828 των)
449 2729 495 2804 ὧν
524 2733 567 2804 δν
588 2735 667 2816 τοὺς
698 2735 863 2821 ἐθισμοὺς
891 2736 1059 2821 λάβωμεν.
1107 2739 1158 2805 ef.
1183 2739 1385 2822 Kruegernm
1409 2759 1458 2822 gr.

320 2841 375 2907 Gr.
402 2842 418 2927 §
442 2846 493 2921 47,
514 2848 545 2920 4,
572 2847 603 2906 6.
650 2844 711 2908 Pro
734 2843 840 2909 verbis
864 2843 1027 2908 mendosis
1055 2839 1217 2930 τετάρτην
1245 2841 1306 2920 ἐπί
1327 2841 1463 2926 Sylbnr-

319 2945 392 3029 gius
415 2942 576 3032 τετάρτην
593 2945 642 3010 ἐ’τι
664 2945 867 3012 scribendum
883 2945 1035 3026 eoniecit;
1061 2947 1111 3010 vir
1126 2946 1237 3012 doctus
1257 2945 1366 3011 nescio
1389 2945 1462 3028 quis

319 3048 354 3112 in
376 3047 542 3114 Bodleiani
567 3049 710 3132 margine
732 3048 793 3115 hoo
814 3049 993 3134 proposuit:
1027 3045 1189 3134 τετάρτην
1212 3047 1261 3112 ἔτι
1285 3054 1350 3114 τιῖιν
1372 3043 1462 3131 πρὸς

323 3149 380 3227 οὓς
404 3146 446 3218 άν
468 3153 537 3216 κτλ.
584 3153 723 3231 Medda,
750 3153 783 3217 ni
805 3153 909 3232 fallor,
936 3152 1003 3217 alia
1025 3159 1085 3218 est.
1132 3153 1212 3219 Gom
1228 3157 1378 3234 quattuor
1400 3150 1461 3214 ha-

321 3254 454 3320 beamus
478 3255 620 3321 membra
642 3275 725 3322 vers.
746 3279 771 3320 rr
795 3251 933 3341 πρώτην
959 3255 1022 3338 μὲν
1044 3254 1113 3342 τήν,
1146 3275 1230 3320 vers.
1251 3279 1276 3320 ro
1300 3254 1464 3338 δευτέραν

320 3357 357 3423 δὲ
380 3357 449 3445 τήν,
482 3379 569 3424 vers
588 3384 613 3424 re
637 3364 752 3446 τρίτην
775 3359 810 3425 δὲ
834 3355 912 3445 τήν,
942 3379 1026 3426 vers.
1049 3383 1073 3422 rr
1105 3356 1268 3445 τετάρτην
1297 3357 1356 3422 ἐπὶ
1385 3353 1457 3444 τήν,

320 3464 353 3528 in
376 3471 488 3546 quarto
511 3464 687 3530 certissime
718 3461 880 3550 τετάρτην
903 3463 942 3528 δὲ
965 3461 1026 3550 τήν
1056 3461 1268 3528 scribendum.
1310 3461 1463 3544 Denique

320 3567 412 3650 legas
435 3564 720 3652 τυγχάνωμεν.

407 3691 438 3755 p.
463 3673 602 3736 rosum
629 3668 861 3756 Συγγνώσετοι
885 3669 923 3758 δή
947 3694 1006 3753 μοι
1029 3671 1085 3734 καὶ
1108 3666 1257 3734 Πλάτων
1280 3663 1296 3734 ὁ
1321 3667 1464 3751 θαυμά-

320 3795 402 3852 σιος,
430 3773 460 3837 εἰ
482 3770 526 3860 μή
550 3772 802 3861 παραθήσομαι
824 3767 980 3839 κάκείνου
1003 3774 1119 3852 λέξεις.
1147 3767 1164 3859 ή
1188 3769 1251 3856 γάρ
1267 3765 1462 3858 ὑπόμνησις

322 3872 365 3953 ὡς
389 3875 425 3942 ἐν
448 3875 565 3942 εἰδόσι.
591 3879 646 3943 καὶ
670 3885 776 3943 ταῦτα
800 3877 835 3941 δὲ
855 3875 894 3964 δή
911 3874 1119 3958 βουλόμενος
1134 3874 1195 3952 τὰς
1211 3871 1380 3961 διαφορὰς
1396 3881 1466 3940 τῶν

321 3974 581 4065 ἁρμονιῶν...
608 3982 763 4069 διῆλθον.
811 3982 985 4046 Enuntiato
1016 3981 1137 4046 causali
1168 3967 1299 4046 berbum
1331 3979 1463 4061 aliquod

321 4083 498 4150 desiderari
528 4086 680 4151 Reiskins
710 4085 808 4167 vidit,
843 4104 914 4150 cum
944 4084 1096 4150 scriberet
1126 4076 1142 4169 ἡ
1174 4079 1237 4167 γὰρ
1272 4075 1465 4168 ὑπόμνησις

323 4181 494 4271 ἀρκέσει
524 4181 568 4264 ὡς
596 4187 632 4254 ἐν
655 4185 762 4253 εἰδόσι
789 4239 794 4250 .
817 4237 852 4251 ..
885 4187 941 4251 καὶ
965 4193 1070 4252 ταῦτα
1100 4191 1132 4249 τί
1160 4180 1367 4268 βουλόμενος
1393 4235 1399 4248 .
1424 4236 1460 4249 ..

320 4289 481 4376 διηλθονε
525 4291 567 4355 ,rt
595 4293 695 4357 verba
729 4289 763 4354 δὲ
796 4287 835 4376 δή
871 4295 958 4355 certo
989 4309 1070 4356 sena
1099 4297 1191 4367 sunt;
1232 4287 1272 4352 os.
1304 4309 1336 4371 p.
1366 4291 1467 4352 10965
