3280 4934
587 375 631 386 -
677 339 774 422 [ne]
820 377 860 386 -
1000 267 1004 275 Ι
1252 343 1295 408 23

155 533 266 600 diebus
290 555 383 618 quem
406 532 619 616 compluribus
642 534 801 600 mensibus
823 535 866 599 ad
887 535 959 600 illos
981 557 1087 601 mures
1109 536 1296 604 disiciendos

155 662 233 724 opus
261 639 357 705 fuisse
383 640 516 705 videtur.
565 639 727 724 Lysander
754 642 861 724 igitur,
892 647 1059 727 postquam
1091 643 1158 726 ipse
1189 647 1295 710 statim

156 747 257 831 captis
280 747 413 811 Athenis
437 767 506 811 cum
529 747 621 812 sociis
644 769 700 830 per
723 748 906 814 sollemnem
928 748 1150 814 caerimoniam
1173 750 1296 816 initium

155 874 315 918 murorum
343 853 577 920 deicienderum
599 851 682 931 fecit,
709 853 954 922 Atheniensibus
982 856 1157 938 imperavit,
1185 862 1221 921 ut
1243 879 1296 923 cos

156 961 240 1026 intra
267 967 387 1026 certum
413 966 537 1044 tempus
559 960 731 1037 diruerent
759 981 828 1026 cum
856 962 922 1045 ipsc
945 960 1073 1028 Samum
1100 961 1294 1030 eveheretur.

157 1066 270 1134 Postea
287 1089 357 1132 cum
380 1067 563 1152 popularem
582 1067 742 1133 civitatem
759 1071 882 1132 mutare
900 1069 1126 1152 aggrederetur
1143 1075 1177 1133 et
1194 1069 1294 1134 Athe·
1386 1135 1391 1146 ,

156 1173 277 1240 meuses
299 1175 341 1239 ad
364 1176 430 1240 eius
453 1175 648 1240 voluntatem
670 1195 704 1240 so
726 1176 963 1240 accommodare
986 1175 1116 1254 nollent,
1143 1198 1217 1260 pars
1240 1197 1296 1241 au-

155 1288 219 1346 tem
240 1282 424 1348 munitionis
443 1284 607 1347 etiamtum
631 1288 809 1366 superesset
827 1281 990 1359 diruenda
1013 1283 1174 1367 Lysander
1196 1283 1295 1348 mina

153 1395 214 1466 tus,
235 1388 297 1454 nisi
320 1388 381 1454 sibi
399 1388 655 1474 obsequerentur,
678 1409 711 1454 se
733 1388 806 1454 illos
824 1387 968 1454 acerbius
987 1389 1159 1472 duriusque
1177 1395 1295 1456 tracta-

152 1501 260 1561 turam
283 1517 359 1573 esse,
383 1497 466 1582 quod
490 1494 584 1562 fidem
606 1495 762 1579 pactionis
781 1495 961 1573 violassent,
985 1497 1086 1573 evicit,
1109 1502 1146 1562 ut
1163 1496 1296 1581 triginta

152 1601 211 1666 viri
239 1603 487 1679 instituerentur,
514 1602 627 1687 quibus
651 1601 884 1670 dominantibus
911 1603 1004 1687 plane
1031 1604 1094 1668 iam
1121 1604 1203 1668 muri
1230 1603 1293 1670 dis-

151 1709 225 1775 iecti
249 1715 330 1774 sunt.

240 1815 350 1901 Neque
385 1816 469 1881 hunc
500 1837 606 1882 rerum
639 1816 781 1884 ordinem
812 1839 920 1882 verum
957 1839 1025 1883 esse
1061 1823 1148 1884 certa
1179 1819 1294 1884 desunt

152 1922 340 1990 testimonia
386 1921 467 1988 Nam
490 1922 666 2007 Xenophon
692 1945 798 1990 muros
821 1947 842 1990 a
862 1925 1025 2010 Lysandro
1048 1925 1171 1990 dirutos
1194 1925 1294 1990 tradit

152 2028 261 2095 statim
287 2035 360 2112 post
386 2051 495 2113 pacem
523 2037 684 2115 acceptam
711 2031 767 2118 (ΙΙ,
791 2031 821 2108 2,
843 2031 894 2096 22.
918 2032 975 2116 23)
1004 2031 1100 2115 idque
1130 2052 1212 2098 auno
1240 2053 1293 2096 ex-

152 2141 255 2214 eunte,
278 2159 348 2202 cum
371 2137 476 2220 paullo
499 2143 572 2220 post
593 2143 718 2222 pergat:
741 2144 790 2224 τῷ
815 2130 848 2203 d'
872 2133 1002 2203 ἐπιόντι
1026 2134 1099 2203 ἔτει.
1110 2139 1138 2225 ¹)
1185 2138 1293 2204 Annus

151 2250 256 2310 autom
283 2243 529 2328 Xenophonteus
556 2243 683 2310 initium
711 2246 795 2328 capit
821 2266 841 2310 a
868 2265 953 2322 vere,
980 2249 1017 2310 ut
1043 2251 1214 2329 antequam
1239 2265 1294 2312 ver

150 2351 303 2435 inciperet
325 2350 489 2435 Lysander
511 2351 552 2416 ad
575 2372 681 2417 muros
700 2351 871 2417 diruendos
894 2372 1059 2436 aggressus
1082 2351 1137 2429 sit;
1160 2352 1293 2435 triginta

150 2479 224 2523 vero
248 2459 331 2523 vires
354 2459 454 2522 multo
476 2464 549 2541 post
572 2464 692 2523 aestate
711 2460 899 2524 constitutos
917 2477 985 2524 esse
1008 2456 1091 2522 infra
1108 2456 1293 2524 videbimus.

151 2564 220 2631 lam
238 2586 305 2629 rem
322 2562 449 2629 conficit
467 2564 635 2641 Diodorus,
644 2565 670 2650 ²)
690 2587 751 2648 quo
770 2570 851 2631 teste
868 2565 952 2629 muri
971 2564 1080 2630 stetim
1096 2569 1168 2647 post
1185 2585 1293 2648 paoem

150 2672 250 2738 diruti
273 2676 347 2737 sunt
369 2670 418 2735 vol
440 2671 525 2735 dirui
549 2671 649 2754 eoopt'
676 2709 717 2719 -
741 2673 866 2757 quando
886 2672 1013 2754 quidem
1032 2670 1141 2735 ecdem
1163 2675 1292 2736 auctore

149 2778 348 2864 Lysandrum
371 2777 616 2842 Atheniensibus
644 2799 750 2843 muros
774 2779 943 2844 diruendos
972 2778 1174 2862 imperavisse
1197 2799 1293 2861 supra

149 2884 461 2952 commemoravimus
489 2922 544 2960 -‚
577 2885 709 2967 triginta
740 2885 798 2948 viri
829 2885 1003 2968 posteriore
1035 2890 1177 2968 tempore
1208 2883 1292 2948 civili

150 2992 344 3058 dissensione
367 2997 475 3058 coorta
498 2996 530 3055 et
548 2991 709 3076 Lysandro
728 2989 831 3069 Same,
854 3012 915 3074 que
939 2991 1062 3056 interea
1084 2997 1190 3056 vectus
1214 2995 1292 3068 erat,

149 3103 296 3166 revocato
319 3097 457 3163 instituti
480 3097 597 3185 sunt.³)

238 3205 326 3285 Quae
340 3227 410 3270 oum
429 3210 495 3270 tam
512 3209 599 3270 certe
614 3204 833 3288 comprobasse
851 3205 929 3271 mihi
950 3205 1066 3282 videar,
1083 3209 1120 3268 ut
1134 3203 1291 3270 dubitatio

149 3315 213 3380 iam
228 3313 317 3378 nulla
329 3317 436 3390 restet,
454 3311 493 3378 de
507 3312 609 3377 altera
627 3313 809 3379 condicione
824 3334 919 3378 uaves
938 3311 1087 3378 tradendi
1105 3331 1291 3393 quaeramus

150 3425 284 3505 oportet.
329 3418 434 3502 Atque
461 3440 555 3485 naves
582 3418 786 3503 aLysandro
813 3419 991 3486 combustas
1019 3437 1086 3484 esse
1112 3438 1193 3481 nurus
1215 3417 1291 3482 Plu-

150 3526 277 3593 tarohus
304 3525 417 3602 tradit,
448 3526 533 3610 apud
561 3548 653 3608 quem
684 3527 763 3592 haec
794 3511 900 3592 verba'
921 3526 1083 3610 leguntur:
1116 3515 1134 3590 ὁ
1168 3515 1201 3589 δ’
1230 3511 1291 3588 οὖν

152 3689 362 3698 .-....--———-

240 3777 259 3841 1)
278 3774 314 3839 ΙΙ,
332 3773 358 3839 2,
377 3773 412 3827 24
431 3788 448 3826 a
467 3773 650 3843 Xenophonte
669 3789 722 3828 non
741 3775 846 3845 scripta
864 3782 914 3830 est.

238 3863 259 3927 ²)
279 3863 352 3928 XIV,
371 3863 388 3917 3
407 3857 481 3918 κατὰ
500 3861 529 3917 δὲ
548 3857 665 3928 τούτους
684 3859 750 3928 τοὺς
765 3859 886 3935 χρόνους
901 3859 1041 3932 Ἀθηναῖοι
1062 3903 1133 3916 ...,
1154 3855 1291 3928 ἐποίησαν

151 3947 296 4020 συνθήκας
314 3946 385 4022 πρὸς
403 3953 653 4020 Λακεδαιμονίους,
673 3947 745 4006 καθ’
765 3945 797 4018 ἃς
817 3948 873 4009 ἔδει
892 3948 927 4008 τὰ
945 3953 1022 4022 τείχη
1041 3955 1090 4021 τῆς
1112 3945 1223 4014 πόλεως
1241 3967 1291 4003 κοι-

152 4043 247 4094 θελεῖυ
270 4043 318 4095 καί
340 4043 374 4109 τῇ
397 4041 503 4114 πατρίᾳ
526 4040 655 4114 πολιτείᾳ
672 4043 811 4110 χρῆσθαι·
835 4045 883 4097 καί
907 4037 941 4096 τὰ
963 4040 1017 4110 μὲν
1039 4041 1116 4111 τείχη
1136 4041 1289 4110 περιεῖλον,

152 4131 216 4200 περὶ
234 4128 264 4184 δὲ
282 4133 332 4199 τῆς
350 4129 494 4194 πολιτείας
512 4125 584 4202 πρὸς
602 4125 738 4198 ἀλλήλους
758 4127 933 4202 διεφέροντο.

239 4219 406 4288 'ydolorum
429 4223 504 4274 recte
533 4218 561 4274 le
584 4218 740 4274 uniuersum
764 4220 798 4276 de
826 4222 876 4276 hoc
904 4235 996 4276 rorum
1024 4219 1118 4276 ordios
1146 4225 1292 4275 senserunt

153 4306 261 4364 GroIIus
271 4309 336 4364 VIII
350 4325 376 4379 p.
387 4309 421 4363 21
437 4324 485 4377 sq,
505 4307 691 4365 Stedeleldtus
709 4308 727 4365 l.
743 4327 766 4364 o.
781 4327 807 4380 p,
825 4313 865 4366 13.
881 4309 915 4366 23
930 4325 970 4379 sqs
990 4317 1019 4366 et
1036 4309 1065 4364 in
1083 4310 1181 4366 Philol.
1197 4310 1290 4366 XXIX

152 4411 177 4464 p.
188 4397 240 4452 235
253 4413 302 4466 sq„
320 4396 479 4466 Poohligins
493 4397 543 4452 der
556 4398 678 4453 Athena
694 4399 881 4469 Iberomenes,
895 4398 1011 4471 Leipzig
1026 4400 1102 4466 1877,
1122 4417 1148 4472 p.
1159 4401 1218 4456 291.
1229 4401 1289 4456 295.
