3272 4920
356 386 415 446 rus
788 420 829 428 -
879 385 962 466 [1111
1011 422 1054 430 -

352 595 387 636 τε
411 569 470 638 τὸν
492 571 641 637 ἔκπλουν
661 575 757 657 μέρει
779 566 890 638 αὐτῶν
912 566 1108 658 ἐφύλασσον
1130 575 1187 639 καὶ
1209 569 1295 638 κατὰ
1313 569 1374 638 τὸν
1389 567 1492 638 ἄλλον

352 673 462 759 κύκλῳ
485 676 614 756 λιμένα,
653 669 749 751 ὅπως
775 673 999 756 πανταχόθεν
1032 670 1103 758 ἅμα
1137 680 1392 761 προσπίπτοιεν
1421 685 1492 750 τοῖς

351 776 565 866 Ἀθηναίοις·
592 780 649 844 καὶ
671 772 689 844 ri
713 776 818 857 πεζὸς
841 773 956 856 αὐτοῖς
980 773 1050 862 ἱίμα
1081 777 1372 865 παρεβοήθει,
1404 769 1490 862 ᾗπερ

351 883 409 946 καὶ
431 881 465 945 oi
488 889 565 970 υήες
587 887 828 964 κατίσχυον.
877 883 997 948 Ultima
1019 883 1119 951 verba
1141 903 1220 948 sano
1242 901 1340 947 sensu
1361 888 1486 946 carent:

353 1007 427 1050 nam
458 986 487 1050 si
516 1005 616 1052 naves
645 987 832 1068 vincebant,
869 986 1014 1070 peditum
1048 986 1169 1050 auxilio
1202 1006 1282 1069 opus
1316 1005 1378 1049 non
1408 993 1487 1050 crat.

353 1090 523 1171 Postquam
557 1093 748 1170 κατίσχυιευ
782 1089 815 1153 in
849 1093 1032 1170 κατίσχυον
1065 1089 1162 1170 abiit,
1204 1093 1423 1174 παραβυήίίεῑ
1457 1089 1489 1152 in

354 1188 565 1277 παρεβοήθει
589 1193 735 1256 consulto
758 1199 934 1258 correctum
958 1199 1019 1258 est.

439 1313 488 1376 Ex
510 1311 560 1378 his
582 1331 665 1395 qnae
687 1314 790 1378 altero
813 1313 883 1378 ioco
906 1313 1036 1379 exhibui
1059 1333 1131 1377 cnm
1158 1313 1248 1378 uliud
1276 1311 1356 1376 nihii
1386 1313 1490 1377 lucre-

352 1437 433 1498 mur,
452 1417 486 1481 id
501 1423 625 1481 tantum
641 1417 794 1482 discimus
810 1417 978 1500 denuoque
994 1417 1216 1499 cognoscimus
1230 1416 1376 1500 Dionysii
1393 1435 1492 1500 opera

352 1519 510 1584 rhetorica
531 1520 770 1604 corruptissime
792 1521 910 1585 tradita
931 1540 1023 1599 esse,
1048 1541 1121 1586 cum
1146 1531 1271 1605 praeter
1300 1521 1383 1584 aiios
1413 1519 1492 1584 scri-

353 1623 447 1687 bendi
472 1643 594 1688 errores
617 1624 742 1689 lacunis
765 1643 890 1705 quoque
913 1624 1094 1688 deformata
1116 1619 1196 1691 siut:
1229 1645 1310 1706 quas
1333 1643 1489 1705 cognosse

353 1727 539 1809 pierumque
562 1727 642 1791 satis
664 1729 736 1792 erit.

890 1918 948 1981 111.

439 2055 506 2119 Iam
530 2054 660 2120 remotis
683 2053 732 2120 his
749 2055 836 2119 vitiis
856 2055 995 2136 reliquas
1011 2055 1166 2120 lectiones
1181 2054 1403 2138 discrepantes
1418 2074 1492 2138 pro-

353 2158 503 2223 babiliter
531 2159 706 2242 exemplari
735 2157 818 2241 quod
851 2158 1024 2241 Dionysius
1054 2165 1184 2222 secutus
1212 2164 1262 2223 est
1294 2159 1487 2223 tribuemus:

353 2282 563 2345 quoiusquam,
596 2261 683 2343 quod
705 2261 796 2339 dixi,
830 2268 919 2326 certa
948 2281 1011 2343 qua
1044 2262 1163 2344 singuli
1194 2261 1253 2326 ioci
1283 2263 1492 2328 aestimentur

352 2386 464 2430 nunna
486 2368 670 2449 regulaque,
698 2365 725 2429 si
747 2365 825 2446 quid
847 2364 951 2446 video,
978 2384 1041 2430 non
1065 2371 1180 2429 crsmt.

438 2487 478 2550 Α.
510 2487 614 2568 Atque
642 2485 777 2570 primum
808 2485 937 2567 quidem
967 2485 1008 2551 de
1030 2485 1070 2550 iis
1099 2485 1289 2552 lectionibus
1312 2484 1488 2559 videamus,

353 2609 452 2671 quae,
486 2609 557 2653 cum
587 2587 763 2672 exemplari
786 2589 880 2670 quale
910 2587 1110 2671 grammatici
1135 2590 1346 2653 versabantur
1369 2587 1493 2670 Diony-

353 2691 434 2756 sium
460 2711 550 2756 usum
568 2711 641 2756 esse
663 2681 767 2756 denuo
783 2691 1001 2756 demonstrent
1025 2690 1077 2773 (cf.
1095 2711 1171 2775 pag.
1192 2696 1278 2770 140),
1304 2689 1347 2754 ad
1362 2690 1493 2774 Thucy-

352 2795 460 2859 didem
483 2794 716 2860 emendandum
742 2794 822 2859 nihil
846 2796 985 2860 valcant.

440 2936 469 2980 a.
503 2915 639 2998 Singula
659 2915 759 2981 verba
781 2915 910 2982 diversa
933 2923 1024 2981 sunt:

442 3040 517 3100 1652
538 3038 633 3120 (8052)
660 3037 790 3101 :122
812 3058 844 3121 p.
866 3041 933 3101 1611
964 3043 1022 3123 τῆς
1045 3059 1080 3099 τε
1110 3029 1196 3099 καθ’
1230 3028 1357 3122 ήμίραν
1388 3027 1494 3117 ἀναγ-

354 3143 453 3205 καίου
475 3146 603 3228 τρυιγής
623 3147 801 3222 πανταχοῦ
817 3133 859 3204 ἂν
875 3133 1052 3226 ἡγούμενοι
1070 3133 1267 3224 ἐπικρατεῖν
1281 3132 1322 3202 οὐ
1336 3137 1495 3219 χαλεπῶς

354 3239 605 3310 ἀνίστανται
634 3237 877 3308 ἀπανίσταντο,

440 3351 513 3412 8241
543 3348 655 3432 (85911)
682 3375 724 3402 ·-
747 3347 763 3412 Ι
787 3350 841 3410 221
870 3368 903 3432 p.
922 3349 991 3411 2811
1023 3341 1098 3412 ὅσοι
1120 3346 1156 3411 δὲ
1178 3342 1404 3432 βουλήσονται
1428 3349 1496 3409 τῶν

353 3475 387 3516 τε
399 3455 416 3534 ¹)
446 3447 683 3536 γεγονότων
705 3446 742 3514 τὸ
767 3450 876 3537 σαφὲς
899 3463 1054 3516 canucio:
1082 3453 1282 3534 γενομένων.

439 3557 531 3619 804111
553 3556 663 3638 (80812)
689 3584 731 3608 =
752 3555 839 3618 1701
858 3555 901 3639 p.
921 3559 975 3618 55⁷
999 3551 1037 3618 τὸ
1061 3553 1128 3638 δελ)
1155 3547 1347 3638 ὑμίτερονί)
1375 3557 1435 3639 τῆς
1458 3577 1493 3615 τε

353 3655 528 3742 δυνάμεως
551 3651 650 3723 ἐνδεᾶ
673 3658 832 3743 πρᾶξαιί)
860 3664 918 3744 τής
941 3682 975 3722 τε
998 3654 1130 3746 γνώμης
1159 3655 1243 3743 μηδὲ
1273 3665 1345 3731 τοῖς
1374 3659 1496 3738 βεβαί-

354 3766 436 3850 οιςὸ)
465 3769 654 3846 πιστεῦσαι,
687 3767 766 3827 τῶν
793 3761 833 3825 δὲ
862 3760 1016 3828 δεινῶν
1043 3760 1213 3849 μήδε’ποτε
1242 3757 1381 3822 οἴεσθαι
1404 3753 1495 3822 ἀπο-

352 3865 571 3954 λυθήσεσθαι
580 3869 622 3952 q:
648 3872 714 3932 τῶν
736 3889 772 3930 τε
795 3865 924 3931 δεινῶν.

424 4093 440 4160 ¹)
462 4109 491 4145 τε
508 4109 562 4147 orn.
578 4089 605 4146 Μ
624 4093 721 4157 85915;
744 4089 780 4147 σί.
801 4107 864 4161 pag.
882 4093 930 4142 133
949 4095 1006 4144 not.
1022 4091 1037 4140 3
1056 4092 1067 4155 11
1090 4089 1109 4156 ²)
1132 4083 1159 4139 δ’
1175 4088 1198 4142 L
1217 4087 1299 4139 susm
1319 4091 1331 4156 u
1354 4087 1374 4152 ³)
1396 4081 1495 4156 ήμίιε-

354 4228 537 4302 ριινΙιΘθίιο
562 4233 574 4296 ΙΙ
602 4232 621 4294 ⁴)
643 4193 866 4302 ε’νιίεᾶιίιὲρξαιΑ
887 4231 966 4281 stitit
1001 4233 1012 4294 ΙΙ
1040 4231 1060 4292 5)
1081 4189 1330 4296 flsfluiiricriitdiirt
1358 4229 1369 4292 Ι
1398 4227 1420 4288 ΰχ
1443 4230 1497 4278 ro‘rr·

353 4345 387 4356 -
407 4313 640 4382 ἀπολυθήσεσθαι
659 4331 712 4368 om.
733 4316 815 4370 codd.
837 4318 979 4368 fidili-td.
