3280 4934
314 365 357 430 ss
747 403 789 412 -
836 363 931 446 [134]
979 400 1018 409 .-

314 583 388 646 pere
411 567 539 645 praeter
560 561 625 626 alia
642 559 847 644 comprobant
870 558 966 623 verba
989 579 1069 640 quse
1092 558 1239 642 leguntur
1261 557 1286 633 1,
1304 559 1334 632 3,
1355 561 1371 622 l
1392 564 1454 623 τοῦ

315 662 348 734 δ’
371 663 526 744 ἐπιόντος
549 662 644 743 ἔτους
668 717 674 730 .
696 718 702 730 .
724 718 758 730 ..
784 663 856 732 έπεὶ
880 657 912 730 δ’
932 657 950 730 ὁ
972 657 1097 749 χειμών
1121 661 1212 752 ἔληγε
1237 661 1334 750 ένρος
1357 657 1453 748 ἄρχο-

313 775 425 860 μένου.
477 774 673 840 Postremum
705 774 803 856 igitur
835 774 949 857 prioris
978 775 1052 837 anni
1085 772 1204 838 iactum
1231 777 1453 837 commemorat

314 881 488 966 Xenophon
508 881 649 946 Athenas
673 881 806 945 traditas
826 887 858 946 ct
876 901 981 944 muros
999 901 1019 944 a
1037 877 1199 963 Lysandro
1218 880 1352 957 deletum
1375 879 1454 944 haec

314 995 453 1054 extremo
485 987 552 1071 ipso
584 1009 666 1053 ariao
704 988 788 1053 facta
824 1007 891 1052 csse
923 985 1121 1070 Thucydides
1154 987 1252 1053 docet.
1307 987 1337 1052 is
1370 986 1452 1051 diem

314 1096 440 1181 quidem
468 1093 637 1160 deditionis
664 1116 727 1159 non
755 1095 901 1172 tradidit3
934 1116 1003 1160 oum
1031 1099 1136 1160 autem
1163 1099 1196 1159 et
1223 1115 1286 1176 quo
1312 1099 1453 1176 tempure

315 1200 430 1266 bellum
450 1200 574 1265 initium
588 1203 706 1285 coperit
720 1209 752 1267 et
770 1225 827 1286 per
840 1209 994 1286 quantum
1012 1202 1162 1285 temporis
1182 1201 1316 1284 spatium
1332 1207 1452 1284 gestum

314 1310 365 1384 sit,
385 1307 568 1383 narraverit,
587 1306 679 1373 facile
698 1310 867 1375 deditionis
885 1315 1009 1392 tempus
1032 1306 1165 1373 inveniri
1188 1313 1300 1390 potest.
1338 1307 1453 1386 Quam-

314 1437 408 1498 quam
432 1413 471 1479 do
494 1433 532 1479 ea
553 1435 588 1478 re
611 1436 710 1498 nuper
735 1417 912 1500 Droysenus
935 1403 982 1480 ita
1003 1417 1110 1492 sensit,
1132 1415 1361 1499 Thucydidem,
1383 1435 1453 1480 cum

315 1523 376 1588 duo
396 1521 520 1586 diversa
538 1521 576 1586 dc
595 1519 671 1585 belii
689 1522 780 1586 initio
799 1523 979 1588 testimonia
997 1522 1145 1606 proferat
1162 1521 1288 1586 omnino
1308 1522 1451 1588 idoneum

313 1635 427 1694 testem
450 1649 512 1693 uon
531 1647 598 1693 esse
616 1627 659 1712 (p.
679 1629 736 1704 26;
754 1629 910 1719 ars-46).
947 1630 1118 1696 Videamus
1140 1629 1247 1713 igitur,
1270 1629 1376 1712 qualia
1398 1627 1454 1694 iila

316 1736 645 1800 diversa'tsstimonia
668 1735 839 1819 intellegat.

403 1841 498 1907 Liber
525 1842 607 1906 alter
629 1842 820 1926 Thucydidis
848 1844 959 1928 incipit
985 1843 1026 1908 ab
1053 1844 1103 1910 his
1130 1843 1234 1908 verbis
1262 1837 1394 1928 ἄρχεται
1418 1843 1452 1908 δὲ

317 1941 335 2014 ὁ
360 1945 505 2032 πόλεμος
528 1946 667 2014 ἐνθένδε
690 1943 762 2037 ἤδη,
784 1949 840 2015 ubi
863 1949 1003 2016 ἐνθένδε
1027 1951 1075 2018 ad,
1092 1951 1355 2035 oppugnationem
1378 1971 1453 2016 noc-

314 2061 439 2121 turnam
471 2055 686 2142 Plataearum,
718 2080 798 2142 quae
830 2059 971 2142 proxime
1003 2059 1153 2141 sequitur,
1184 2063 1313 2140 spectat.
1367 2059 1454 2128 Haeo

314 2169 419 2227 autem
443 2164 635 2247 oppugnatio
659 2163 743 2229 facta
766 2169 813 2229 ost
836 2171 886 2247 τῷ
908 2163 1051 2248 πέμπτῳ
1074 2165 1130 2228 καὶ
1154 2160 1288 2248 δεκάτῳ
1308 2160 1373 2229 έτει
1398 2165 1452 2248 (sc.

314 2277 384 2334 τῶν
411 2266 684 2356 τριακοντούτων
712 2272 887 2356 σπονδῶν)
915 2269 970 2334 έπὶ
996 2271 1161 2355 Χρυσίδος
1189 2269 1225 2335 έν
1248 2265 1349 2356 Ἄργει
1376 2267 1451 2337 τότε

314 2372 526 2462 πεντήκοντα
545 2379 640 2443 δυοῖν
661 2378 780 2444 δέοντα
800 2374 856 2465 έτη
876 2375 1055 2463 ἱερωμένης
1073 2379 1129 2442 καὶ
1144 2376 1307 2464 Αἰνησὶου
1326 2374 1454 2465 έροδρου

315 2481 351 2548 έν
375 2477 516 2568 Σπάρτῃ
543 2485 599 2548 καὶ
622 2480 837 2570 Πυθοδώρου
865 2481 913 2550 ἔτι
940 2485 1100 2570 τέσσαρας
1110 2487 1135 2571 ¹)
1162 2492 1266 2571 μῆνας
1294 2480 1454 2571 ἄρχοντος

319 2579 506 2675 Ἀθηναίοις
539 2581 622 2675 μετὰ
653 2582 715 2678 τὴν
748 2590 784 2656 έν
817 2591 998 2680 Ποτειδαίᾳ
1028 2587 1135 2678 μάχην
1168 2592 1247 2678 μηνὶ
1279 2588 1365 2676 ἕκτῳ
1398 2593 1454 2656 καὶ

315 2685 380 2778 ἅμα
402 2683 457 2782 ἦρι
480 2689 662 2782 ἀρχομένῳ.
705 2697 754 2763 Ab
778 2699 833 2762 iila
855 2698 953 2782 igitur
975 2704 1130 2764 nocturna
1151 2697 1314 2763 obsidione
1337 2696 1454 2762 bellum

313 2802 451 2886 incipere
479 2805 578 2869 voluit
600 2804 799 2889 Thucydides
827 2808 859 2869 et
886 2804 957 2869 ideo
985 2806 1017 2869 id
1046 2813 1169 2887 tempus
1195 2811 1262 2870 tam
1285 2804 1454 2889 diligenter

314 2909 464 2975 definivit.
514 2911 609 2976 Aliud
637 2911 721 2976 enim
749 2910 924 2995 exemplum
957 2911 1106 2994 temporis
1133 2917 1199 2976 tam
1226 2919 1371 2977 accurate
1399 2912 1453 2976 dc-

314 3017 424 3100 scripti
447 3017 568 3082 nullum
591 3023 741 3102 praestat.
788 3018 836 3082 Ad
861 3041 932 3084 eum
954 3027 1061 3084 autem
1080 3020 1163 3084 diem
1187 3020 1227 3084 dc
1250 3041 1311 3104 quo
1333 3019 1455 3104 agimus

313 3125 420 3208 paullo
447 3125 624 3190 accuratius
651 3123 862 3192 definiendum
889 3128 1050 3210 pertinent
1080 3126 1136 3190 illa
1163 3147 1242 3210 quae
1266 3131 1391 3192 exstant
1414 3126 1455 3203 ΙΙ,

314 3231 344 3307 4,
369 3232 388 3293 2
411 3232 467 3295 καὶ
494 3223 556 3316 γὰρ
584 3223 810 3310 τελευτῶντος
837 3239 898 3298 τοῦ
925 3225 1028 3320 μηνὸς
1051 3225 1091 3297 τὰ
1118 3228 1296 3317 γιγνόμενα
1319 3221 1368 3320 ἦν.
1420 3231 1453 3298 Si

314 3333 396 3403 sirim
416 3337 476 3403 hoo
494 3359 565 3402 oum
581 3338 651 3403 loco
668 3338 758 3422 prius
776 3340 855 3406 illud
874 3340 1086 3406 testimonium
1101 3361 1326 3424 comparamus,
1345 3359 1453 3404 seeun-

314 3445 388 3509 dum
412 3444 495 3529 quod
518 3445 728 3529 Pythodorus'
743 3467 800 3529 por
828 3451 977 3530 quattuor
999 3453 1165 3529 sequentes
1187 3467 1308 3512 menses
1336 3447 1453 3512 archon

314 3555 391 3627 mut,
400 3551 621 3618 Thebanorum
635 3554 771 3636 impetus
786 3555 932 3619 extremis
947 3554 1058 3618 diebus
1071 3555 1186 3618 mensis
1202 3553 1454 3620 Anthestcrionis

314 3658 414 3724 iactus
437 3665 493 3724 est.
540 3660 586 3725 Ao
608 3659 786 3726 Boeckhius
809 3661 843 3746 (l.
867 3682 891 3725 o.
915 3683 944 3743 p.
965 3660 1005 3724 74
1030 3661 1089 3746 sq.)
1115 3663 1267 3744 impetum
1289 3681 1327 3725 ea
1354 3667 1454 3738 nocte,

338 3805 527 3814 —--·-—·-—··--—-·

404 3889 493 3954 1)Ρτο
517 3885 659 3960 τέσσαρας
685 3894 775 3959 μῆνας
802 3891 830 3945 in
859 3891 999 3946 codicibus
1028 3891 1099 3946 mule
1128 3888 1177 3946 δύο
1205 3897 1295 3960 μῆνας
1322 3891 1454 3946 traditum

313 3985 367 4044 ost3
396 3977 552 4046 Kruegerus
580 3979 684 4048 primus
712 3977 853 4052 τέσσαρας
881 3979 1053 4034 scribondum
1083 3979 1153 4035 vidit
1181 3980 1264 4050 idque
1292 3987 1348 4035 tam
1377 3980 1453 4034 iucu-

312 4065 395 4122 lentis
414 4068 582 4136 argumentis
598 4069 792 4138 comprobavit
813 4075 843 4124 ut
857 4068 907 4124 viri
928 4067 999 4123 docti
1019 4067 1078 4122 fero
1094 4084 1187 4124 omnes
1202 4086 1262 4124 eum
1283 4070 1371 4125 secuti
1390 4069 1454 4124 sint.

313 4157 388 4211 Unus
411 4155 566 4227 Droysenus
591 4158 740 4225 dubitavit,
765 4175 828 4213 num
852 4155 994 4228 τέσσαρας
1017 4157 1192 4212 scribendum
1215 4158 1264 4225 sit,
1289 4173 1453 4228 quamquam

312 4239 361 4300 δύο
385 4253 542 4316 corruptum
566 4263 626 4303 esse
650 4247 783 4304 concedit.
826 4249 891 4302 Cium
916 4251 1008 4302 sutem
1033 4247 1123 4301 nullus
1151 4263 1280 4316 numerus
1304 4247 1395 4317 aptior
1418 4248 1456 4302 sit

312 4351 363 4390 nec
382 4335 538 4406 Droysenus
557 4337 618 4407 ipse
637 4337 712 4393 uliud
731 4336 912 4408 proponeris,
937 4335 999 4404 ipss
1022 4337 1093 4392 ratio
1113 4353 1166 4406 qiua
1186 4327 1235 4392 ‹ti-o
1255 4353 1288 4394 ex
1308 4331 1330 4392 δ
1350 4337 1454 4394 foetum

311 4440 370 4482 esse
390 4424 570 4498 intellegitur,
593 4426 730 4498 Kruegsri
750 4425 968 4482 emendationem
988 4431 1089 4481 tuetur.
