3280 4934
597 410 638 421 -
685 373 781 457 [131]
830 411 870 421 -
1263 371 1306 440 ae

160 591 283 636 monem
306 569 339 634 id
362 569 471 654 egisse,
496 575 531 634 ut
553 591 616 634 non
638 569 727 652 prius
746 571 784 635 de
804 591 838 635 re
857 569 983 654 publica
1001 570 1107 636 contio
1126 569 1306 647 haberetur,

161 699 256 761 quam
279 684 401 760 tempus
420 699 489 742 cnm
510 676 765 743 Lacedaemoniis
783 677 990 744 constitutum
1007 677 1305 771 appropinquasset3

161 793 228 850 tum
261 783 301 848 ab
334 804 370 847 eo
403 782 600 867 Lysandrum
633 782 726 848 Samo
758 785 942 850 arcessitum
974 783 1140 866 imperium
1173 784 1308 868 triginta

163 891 300 956 virorum
332 890 560 955 instituendum
593 911 725 956 curasse.
776 890 907 956 Praeter
939 890 997 956 hos
1029 897 1175 956 auctores
1208 892 1306 974 respi-

162 999 274 1064 cienda
300 1003 374 1062 sunt
397 997 558 1063 Plutarchi
586 1004 618 1062 et
646 996 777 1063 Diodori
800 999 988 1064 testimonia
1034 996 1211 1064 Secundum
1234 998 1307 1064 Plu·

162 1105 315 1180 tarchum,
333 1127 404 1170 cum
423 1104 561 1170 obsessio
575 1104 771 1170 Athenarum
789 1105 961 1189 longinqua
978 1103 1048 1170 fieri
1063 1106 1232 1184 rideretur,
1246 1105 1306 1189 Ly-

163 1214 279 1279 sander
302 1214 334 1277 in
357 1211 465 1278 Asiam
487 1233 630 1278 reversus
653 1234 716 1278 non
739 1213 840 1278 solum
864 1212 992 1278 Samum
1014 1214 1107 1296 cepit,
1130 1213 1185 1278 sed
1210 1214 1305 1278 etiam

163 1320 296 1397 Sestum,
315 1320 477 1402 Aeginam,
495 1318 622 1396 Melum,
640 1317 793 1396 Solonem,
816 1326 883 1385 tum
905 1339 1014 1386 rursus
1034 1320 1176 1386 Athenas
1198 1327 1306 1386 rectus

162 1427 373 1493 Athenienses
401 1447 434 1492 se
466 1427 592 1493 tradere
620 1429 725 1512 coegit
756 1427 950 1511 trigintaque
977 1427 1053 1492 viris
1084 1428 1240 1494 institutis
1273 1429 1305 1492 in

162 1535 329 1601 Thraciam
356 1535 516 1618 navigavit
539 1534 635 1617 (Plut.
659 1534 729 1618 Lys.
754 1533 836 1598 XIV.
860 1532 959 1620 XVI).
1009 1534 1102 1618 Apud
1132 1535 1304 1600 Diodorum

163 1642 266 1726 (XIII,
287 1637 359 1720 106,
379 1642 412 1718 8;
433 1643 505 1720 107,
524 1641 558 1718 23
578 1640 662 1718 XIV,
680 1641 710 1719 3,
727 1641 773 1728 4),
796 1645 965 1724 antequam
984 1640 1146 1726 Lysander
1168 1642 1304 1726 primum

162 1751 195 1816 in
223 1750 370 1815 Piraeum
398 1749 531 1824 veniret,
563 1747 655 1814 Sesto
683 1752 777 1832 capta
803 1746 932 1814 Samum
959 1750 1165 1833 oppugnavit,
1192 1749 1306 1814 deinde
1399 1748 1404 1756 “

162 1857 303 1922 Athenas
326 1860 433 1921 rectus
458 1861 518 1930 est3
545 1855 618 1920 inde
635 1839 719 1939 'pace
742 1854 826 1920 facta
848 1856 1004 1921 sociorum
1028 1877 1078 1922 res
1101 1855 1305 1921 administra-

161 1971 251 2028 turus
283 1962 434 2039 mittitur,
467 1963 602 2046 denique
635 1960 728 2028 Samo
761 1981 869 2028 recens
901 1969 995 2048 capta
1027 1963 1068 2028 ab
1101 1962 1307 2047 optimatibus

163 2071 303 2136 Athenas
326 2069 494 2134 arcessitus
518 2069 646 2146 evincit,
674 2074 710 2133 ut
732 2069 865 2152 triginta
888 2070 946 2134 viri
975 2069 1126 2154 legantur.
1173 2070 1219 2134 Ac
1241 2071 1306 2152 pri·

161 2199 247 2242 mum
279 2176 407 2260 quidem
439 2197 459 2240 a
485 2175 639 2254 Diodoro,
671 2177 841 2242 seeundum
869 2199 962 2260 quem
994 2179 1091 2242 etiam
1123 2178 1306 2261 priusquam

162 2284 298 2368 primum
321 2282 463 2348 Athenas
489 2284 624 2361 reniret,
652 2282 814 2368 Lysander
836 2282 964 2350 Samum
988 2305 1170 2368 oppugnare
1193 2285 1306 2367 coepit,

162 2391 281 2456 diserto
304 2389 522 2474 Xenophontis
545 2391 726 2457 testimonio
748 2392 895 2457 recedere
918 2392 1066 2476 cogimur,
1094 2393 1148 2474 qui
1172 2409 1305 2456 comme-

162 2504 265 2563 morat
300 2505 373 2582 post
404 2519 541 2582 pugnam
574 2499 659 2583 apud
693 2498 940 2582 Aegospotamos
973 2498 1168 2564 commissam
1205 2501 1305 2561 totam

163 2603 329 2670 Graeciam
347 2603 387 2670 ab
408 2605 654 2672 Atheniensibus
673 2605 839 2672 descivisse
858 2605 998 2689 exceptis
1017 2603 1131 2670 Samiis
1150 2602 1206 2692 (11,
1221 2604 1250 2681 2,
1261 2603 1305 2686 o).

165 2700 267 2776 Οὗτοι
291 2710 336 2792 dl,
360 2712 472 2794 inquit,
496 2703 623 2796 σφαγὰς
641 2719 712 2777 τῶν
730 2713 909 2797 γνωρίμων
927 2706 1128 2798 ποιήσαντες
1150 2722 1305 2794 κατεῖχον

162 2809 223 2905 τὴν
250 2815 361 2884 πόλιν.
374 2821 399 2906 ¹)
450 2819 570 2897 Quibus
602 2819 752 2903 expositis
783 2819 982 2904 Lysandrum
1009 2818 1150 2884 Athenas
1182 2822 1305 2882 vectum

163 2947 229 2990 esse
261 2932 379 2990 narrat.
434 2925 501 2990 Iam
538 2926 639 2991 maior
669 2925 748 2992 fides
784 2925 956 2992 tribuenda
987 2925 1111 2991 ridetur
1142 2923 1306 2990 Plutarchi

163 3033 350 3110 narrationi,
386 3033 440 3117 qui
476 3035 559 3099 inter
591 3031 733 3099 Athenas
765 3033 908 3100 obsessas
940 3038 972 3098 et
1004 3039 1112 3118 captas
1143 3052 1305 3117 oppugna-

162 3140 280 3204 tionem
308 3139 395 3205 Sami
426 3140 544 3206 inserit
600 3139 795 3226 Quamquam
827 3141 861 3205 in
893 3161 930 3206 eo
958 3140 1146 3208 Plutarchus
1179 3141 1305 3216 errarit,

162 3247 247 3329 quod
271 3268 307 3314 eo
335 3251 477 3332 tempore
505 3269 567 3313 non
592 3247 692 3313 solum
715 3245 840 3330 captam
863 3267 931 3312 esse
955 3248 1082 3315 Samum
1104 3252 1223 3325 narrat,
1250 3248 1304 3312 sed

162 3354 257 3418 etiam
279 3351 422 3432 Sestum,
450 3355 616 3438 Aeginam,
643 3353 773 3430 Melum,
801 3353 944 3420 Scionem
975 3379 1039 3423 una
1066 3361 1174 3440 capitas
1206 3355 1305 3419 tradit

162 3495 204 3507 —
228 3482 300 3526 nam
324 3461 486 3544 Aeginam,
508 3462 635 3538 Melum,
658 3459 837 3548 Scionemy
861 3484 881 3526 a
903 3461 1065 3546 Lysandro
1093 3469 1202 3546 captas
1231 3483 1306 3539 esse,

162 3571 331 3650 antequam
359 3569 391 3654 in
418 3569 564 3634 Piraeum
592 3567 810 3650 adveheretur,
838 3569 1046 3653 Xenophonte
1073 3575 1155 3635 teste
1182 3575 1306 3634 constat

163 3673 308 3756 idemque
331 3675 371 3739 de
394 3673 484 3740 Sesto
507 3673 607 3739 tradit
629 3674 788 3741 Diodorus
813 3715 863 3754 —,
886 3681 992 3742 tamen
1016 3679 1056 3742 de
1084 3681 1196 3760 coepta
1219 3675 1305 3741 Sami

162 3780 284 3847 insulae
303 3783 537 3866 oppugnatione
560 3781 655 3847 aliam
678 3782 718 3848 ab
738 3803 870 3864 causam„
883 3783 1089 3850 Plutarchum
1112 3783 1305 3867 sequendum

161 3907 281 3954 censeo.
327 3888 554 3955 Theramenem
577 3888 669 3966 enim,
692 3911 784 3972 quem
809 3911 829 3954 a
850 3890 967 3974 populo
986 3891 1064 3956 urbe
1087 3893 1151 3957 iam
1174 3891 1305 3956 circum-

165 4013 376 4024 --—.-.-.-.—.

254 4085 272 4147 ¹)
292 4081 326 4136 cf.
341 4084 516 4153 plebiscitum
531 4083 741 4140 Atheniensium
757 4085 785 4140 in
799 4084 929 4140 honorem
944 4085 1096 4142 Samiorum
1116 4086 1218 4142 factum
1234 4102 1305 4140 anno

163 4171 244 4238 403l2
264 4173 323 4227 CIA
343 4173 370 4226 11
389 4175 429 4228 lb.
508 4231 512 4240 ,

251 4259 271 4325 ⁹)
291 4261 325 4314 Η.
345 4261 377 4316 G.
397 4263 431 4330 Il,
451 4265 475 4330 2,
495 4267 519 4319 9.
558 4265 624 4319 Cum
643 4263 678 4319 ad
702 4263 772 4320 alias
791 4264 872 4319 urbes
895 4271 952 4319 tum
978 4267 1014 4320 ad
1033 4265 1159 4322 Scionem
1177 4269 1305 4333 spectant

163 4347 247 4404 verba
269 4351 317 4404 καὶ
340 4359 398 4416 τοῖς
421 4343 516 4416 ἄλλοις
539 4340 602 4408 ὅσοι
625 4355 674 4422 τῆς
697 4347 790 4408 αὑτῶν
814 4349 974 4424 ἐστέροντο.
1012 4353 1046 4408 cl.
1066 4355 1101 4421 11,
1119 4356 1145 4422 2,
1164 4354 1194 4422 33
1218 4353 1304 4408 Thus.

163 4436 196 4503 V,
215 4439 259 4504 32,
279 4441 303 4493 1.

1109 4533 1146 4586 3*
