3268 4920
329 413 370 475 11
763 447 806 457 -
855 411 939 493 [sto]
986 447 1030 458 -

331 600 461 685 respicit
483 619 657 685 pronomen
679 599 850 666 relativum
878 599 929 682 (oi.
956 598 1094 684 Rebling
1122 598 1251 663 uersudr
1281 599 1368 663 otuu
1394 599 1471 663 ctu-

329 702 510 766 ruoteristilu
553 703 610 766 der
646 701 839 766 roemueten
875 701 1175 787 umpuupssprocdc,
1222 700 1331 767 Kiliae
1372 703 1469 782 1875,

330 825 405 890 pag.
433 805 537 889 XVI).
583 805 688 889 Atque
710 805 798 890 apud
826 824 945 871 aureae
974 806 1091 872 aetatis
1120 804 1293 890 scriptores
1321 802 1407 870 hunc
1436 805 1489 869 in'

331 907 458 974 modum
491 913 678 992 repetuntur
709 908 899 992 plerumque
932 908 1135 975 substantiva
1168 908 1327 974 communi
1361 907 1470 990 aliquo

330 1027 425 1075 sensu
448 1009 605 1095 praedita,
633 1011 721 1076 velut
741 1032 793 1074 res
814 1010 882 1074 dies
904 1011 999 1075 locus.

419 1117 439 1196 r)
466 1116 533 1178 Rea
555 1113 700 1178 additum
723 1113 837 1180 estad
859 1129 1034 1199 pronomen
1056 1113 1227 1180 relativum
1248 1113 1337 1198 apud
1355 1113 1470 1180 Corni-

331 1215 436 1281 ficium
467 1215 639 1284 duodecies
673 1221 701 1301 a)
729 1217 943 1301 praecedente
970 1216 1190 1284 enuntiatione
1218 1216 1470 1284 demonstrativa

330 1318 356 1394 1,
376 1320 456 1398 1,1.
483 1325 513 1400 4,
534 1321 613 1401 7.9,
637 1323 686 1384 16.
716 1323 764 1401 lt),
787 1322 837 1384 17.
861 1319 905 1402 Π,
928 1325 977 1400 15,
998 1322 1050 1383 tu.
1076 1322 1128 1400 30,
1148 1323 1200 1384 49.
1225 1319 1285 1402 ΙΙΙ,
1305 1322 1383 1399 3,1.
1411 1317 1465 1398 IV,

331 1423 434 1500 9,13.
466 1424 518 1514 18,
539 1424 592 1486 61.
693 1422 723 1504 b)
757 1421 972 1507 praecedente
1000 1423 1220 1490 enuntiatione
1247 1421 1385 1488 relativa
1407 1419 1468 1499 111,

331 1527 434 1605 6,19.
460 1524 514 1604 IV,
535 1527 565 1608 3,
586 1527 617 1588 5.
643 1530 673 1606 7,
696 1529 751 1602 10,
783 1525 873 1610 apud
896 1526 1081 1593 Ciceronem
1110 1526 1177 1590 inv.
1203 1525 1237 1600 Ι,
1263 1529 1300 1606 4,
1321 1529 1352 1588 5.
1378 1530 1409 1606 5,
1437 1527 1467 1586 7.

331 1630 361 1708 o,
382 1630 412 1692 s.
447 1629 735 1710 21,19.31,53.
769 1629 819 1711 11,
847 1632 971 1706 suar
1011 1628 1467 1712 succiduarum.

331 1730 417 1794 Tull.
443 1730 460 1814 §
483 1733 535 1794 27.
555 1733 595 1795 33
619 1739 680 1798 etc.
727 1731 797 1798 Nec
825 1731 1025 1798 dissimiliter
1055 1731 1242 1798 Cornificius
1269 1731 1317 1812 ΙΙ,
1345 1733 1402 1812 12,
1430 1731 1467 1792 l‘i

331 1829 412 1897 dixit
426 1856 463 1897 eu
478 1855 516 1896 cu
537 1833 648 1919 quibus
669 1835 771 1914 rudus,
797 1835 851 1902 ubl
874 1859 912 1900 eu
934 1836 1072 1920 positum
1097 1843 1146 1902 est
1168 1852 1226 1920 pro
1249 1854 1304 1898 cue
1326 1855 1390 1914 res,
1424 1833 1467 1899 ci.

330 1934 437 2001 Plaut.
455 1936 545 2002 Pers.
563 1940 595 2020 3,
618 1941 645 2019 l,
666 1941 706 2002 65
730 1933 761 2001 st'
779 1936 837 2002 hoc
860 1937 1040 2003 adauasso
1054 1937 1165 2022 lepido,
1192 1938 1268 2023 qttot'
1280 1938 1330 2002 rei
1343 1958 1471 2021 operum

331 2037 442 2102 dumus
464 2044 524 2104 etc.

419 2141 617 2207 Vocabulum
628 2163 679 2206 res
689 2161 754 2207 noo
766 2142 869 2207 solum
881 2141 915 2207 in
928 2143 1097 2209 sententiis
1109 2141 1266 2225 relativis,
1280 2141 1340 2208 sed
1351 2141 1384 2207 in
1396 2139 1471 2207 aliis

332 2259 456 2328 quoque
478 2243 751 2310 enuntiationibus
774 2245 924 2312 brevibus
945 2243 1124 2312 intervallis
1154 2245 1203 2312 bis
1232 2246 1283 2312 vel
1313 2251 1362 2310 ter
1384 2243 1470 2329 posi-

333 2353 399 2412 tum
423 2351 521 2432 est1),
546 2347 634 2413 velot
657 2347 752 2414 Corn.
776 2348 819 2428 11,
842 2351 891 2428 12,
914 2351 952 2413 18
975 2355 1081 2412 uirum
1104 2371 1158 2412 eac
1179 2369 1245 2412 rus
1266 2347 1385 2412 similes
1408 2347 1471 2410 siut

334 2450 462 2528 eirei;
495 2450 563 2534 Cic.
587 2451 714 2531 inv..I,
741 2453 791 2534 28,
812 2455 853 2517 43
883 2471 957 2515 tuum
987 2473 1065 2536 quoe
1095 2473 1160 2516 rus
1190 2471 1228 2516 ec
1257 2450 1296 2515 iis
1329 2451 1467 2528 rubum

335 2551 429 2619 Com.
447 2552 490 2634 11,
518 2556 572 2634 25,
590 2557 631 2618 39
653 2573 723 2617 cum
744 2575 781 2618 eu
802 2573 860 2635 re,
888 2576 968 2639 quuc
983 2555 1091 2638 plun's
1111 2575 1177 2619 res
1198 2555 1366 2640 aptificat,
1392 2557 1470 2618 abu-

336 2656 431 2719 timur
447 2677 511 2738 pro
533 2664 617 2720 certo
639 2657 815 2720 uniuersi
835 2657 941 2740 cipum
968 2657 1024 2736 1v,
1049 2661 1140 2738 9,13
1162 2679 1296 2723 rerum
1316 2657 1467 2741 imperiti,

335 2758 390 2844 qui
410 2758 650 2843 uniuscuiusptoe
671 2759 735 2823 rei
761 2760 800 2823 dc
821 2763 933 2825 rubus
954 2769 1028 2826 auu
1047 2761 1145 2847 pestis
1167 2770 1242 2840 etc.;
1274 2761 1329 2842 lv,
1357 2765 1409 2840 51,
1428 2761 1467 2824 tt

333 2883 403 2926 cum
425 2883 506 2938 rec,
531 2881 612 2947 quus
633 2863 780 2927 secuntur
801 2863 942 2948 stimuum
971 2884 1068 2944 rem,
1100 2864 1260 2944 dicuntur,
1293 2885 1332 2927 cu
1361 2863 1471 2948 quibus

336 2973 401 3028 totu
424 2985 488 3028 rec
514 2963 704 3049 relinquitur
725 2963 759 3028 iu
780 2965 973 3050 cuspiu'ouo3
1006 2947 1083 3051 quin
1109 2967 1207 3033 etiam
1236 2973 1349 3050 quater
1372 2966 1468 3033 Corn.

218 3093 235 3108 ·
335 3067 390 3150 lv,
409 3069 460 3148 47,
478 3071 518 3131 60
541 3087 602 3131 uuo
624 3077 661 3132 ut
682 3068 715 3130 in
737 3069 849 3133 ceteris
870 3072 1004 3148 rebus,
1029 3091 1094 3134 rus
1116 3071 1155 3134 ab
1177 3091 1216 3134 ru
1238 3078 1389 3153 soporato
1411 3077 1467 3146 cst,

335 3207 540 3218 -.-.-.———

405 3293 421 3356 ¹)
443 3285 510 3344 Alia
527 3303 639 3360 quoque
658 3289 744 3345 verba
762 3291 888 3359 inprimis
907 3291 981 3361 opud
994 3289 1181 3356 Cornificium,
1202 3293 1249 3361 qui
1267 3291 1396 3346 cultioris
1413 3289 1469 3344 stili

334 3375 500 3446 elegantiam
519 3375 611 3430 minus
629 3381 722 3441 curat,
743 3374 815 3431 hunc
833 3378 862 3430 in
880 3379 991 3432 modum
1015 3377 1146 3446 leguntur
1168 3377 1297 3446 repetito.
1336 3375 1470 3444 Proponi-

335 3478 396 3518 mus
414 3477 498 3516 unam
516 3461 672 3530 exemplum
690 3463 725 3516 do
744 3462 839 3518 multis
858 3463 940 3518 Corn.
962 3463 1012 3528 IV,
1026 3467 1087 3524 t‚r
1113 3469 1205 3518 coutra
1224 3481 1270 3524 ea,
1297 3461 1418 3531 quaeat
1437 3461 1470 3514 iis

336 3550 512 3613 dicentur,
538 3548 588 3618 qui
605 3547 724 3602 dicunt
742 3549 837 3602 uicinis
854 3567 882 3602 se
899 3550 1026 3620 acceptis
1045 3550 1086 3602 uti
1101 3555 1229 3618 oportun,
1256 3549 1324 3603 sotus
1342 3555 1379 3602 ut
1397 3549 1468 3601 dic·

334 3643 418 3692 tuor:
437 3652 505 3688 nuuc
522 3652 590 3704 quoe
607 3635 753 3704 separatim
772 3635 790 3686 d
796 3635 808 3688 i
812 3636 844 3687 ci
855 3642 976 3704 possuut,
997 3635 1198 3690 consideremus.
1236 3635 1291 3700 5,1
1312 3634 1470 3688 Dicimus

335 3739 396 3792 erpo
414 3739 456 3775 eos
474 3739 548 3790 tqqn'
574 3721 621 3774 aed
638 3721 669 3773 dc
687 3739 724 3784 eo,
747 3722 815 3790 quod
830 3725 923 3789 posteo
947 3721 1114 3786 diuisurus,
1142 3727 1221 3774 cutm
1238 3719 1385 3775 uideamus.
1423 3717 1471 3774 Se-

334 3815 436 3863 cuntur
461 3823 529 3876 ergo
553 3805 606 3860 hoc
632 3805 694 3861 ioco
718 3803 852 3861 brevibus
879 3807 1036 3862 intervallis
1064 3823 1113 3862 sex
1139 3807 1218 3862 verbi
1241 3805 1325 3860 diere
1356 3805 1468 3860 formae.

335 3895 416 3961 Quod
435 3909 520 3964 supro
541 3893 662 3948 diximus
679 3893 858 3948 Cornificium
883 3893 941 3948 stili
964 3894 1133 3963 elegantium
1159 3895 1249 3948 minus
1273 3907 1381 3958 curare,
1407 3893 1471 3948 indo

335 3997 446 4054 quoque
464 3987 591 4051 apparet,
612 3979 687 4050 quod
705 3986 847 4050 tamquam
865 3979 1053 4036 anacoluthon
1071 3981 1117 4036 vel
1134 3980 1228 4048 prisco
1252 3995 1327 4035 moro
1350 3980 1470 4048 aliquam

335 4069 455 4138 speciem
474 4066 651 4122 attractionis
669 4066 782 4121 admisit
799 4065 841 4128 ΙΙ,
864 4067 953 4124 2916
973 4067 1033 4119 item
1053 4067 1176 4120 citiorum
1201 4073 1238 4119 est
1262 4067 1299 4120 ici
1306 4107 1312 4130 ,
1339 4065 1407 4136 quod
1424 4064 1469 4116 ad·

336 4153 451 4210 cursorii
466 4158 573 4224 saeuum
600 4171 654 4206 esse
680 4155 866 4224 caryiluuntur,
899 4153 936 4205 ria
963 4171 999 4204 co
1026 4151 1225 4220 armamentum
1256 4151 1353 4206 nescio
1379 4157 1469 4206 autem

334 4258 370 4295 au
393 4241 422 4298 iu
444 4240 538 4295 animo
559 4237 690 4294 habuerit
713 4237 934 4293 911111619ίό-
953 4239 1069 4308 planum
1085 4242 1181 4308 sucuro
1207 4241 1307 4295 fuctum
1332 4257 1401 4304 mse,
1427 4234 1470 4288 vel

334 4327 445 4381 similia.
