3258 4928
485 421 529 432 -
577 385 659 467 [εει]
706 420 750 431 -
1122 385 1183 448 201

133 567 311 662 ἡᾶλήδεια
328 578 437 661 φέρει.
484 574 667 658 Sequuntur
688 572 769 639 haec
785 591 867 638 vers.
886 597 960 636 uss:
986 569 1045 638 ἐπὶ
1061 571 1098 638 δὲ
1120 579 1187 640 τῶν

133 701 173 742 ου
194 675 409 766 διηγημάτων
429 670 628 744 τούναντίον
654 669 697 743 διν
719 679 851 741 παθεῖν
871 673 977 762 μηδὲν
998 667 1188 758 ὑπολαβεῖν

136 789 229 868 φυιῖις
251 783 309 846 καὶ
331 775 622 867 ἀπραγματεύτως
643 781 806 866 λέγεσθαι
831 830 837 845 .
859 828 895 844 ..
921 779 978 844 καὶ
1000 785 1047 864 τῷ
1064 779 1127 862 μέν
1146 775 1188 847 ἂν

132 883 163 948 τὰ
181 885 288 972 ψευδῆ
305 887 437 971 λέγοντι
452 882 664 950 πιστεύσειεν
687 879 738 964 ύν,
766 890 812 969 τῷ
827 882 864 949 δὲ
879 875 960 970 μηδ’
976 877 1018 950 ἂν
1033 876 1184 970 ἀληθεύῃ

132 1013 151 1065 ,ς
183 982 338 1073 ὑποψίας
378 989 568 1074 προσέξειν.
622 986 774 1054 Ruiskius
814 1005 924 1054 omues
963 985 1139 1054 infinitivus
1167 1007 1185 1054 ε

132 1113 147 1156 ο
170 1092 287 1175 οἴομαι
308 1113 342 1179 p.
360 1096 451 1157 61511
474 1091 651 1177 pendente·
681 1089 758 1158 iuuit
785 1110 824 1157 au
854 1097 1022 1176 praeterea
1048 1089 1187 1158 πιστεύ-

132 1197 195 1263 ιία
218 1193 415 1264 πιστεύσειν
435 1201 547 1262 mutui.
594 1195 772 1278 Utrumque
794 1215 892 1278 quam
914 1196 1055 1262 maximo
1078 1205 1187 1264 οοαιιε

132 1320 205 1366 uem
234 1301 477 1385 grammaticum
499 1298 568 1366 fieri
591 1297 645 1364 vix
675 1297 831 1382 estquod
854 1317 1012 1364 moneam.
1061 1299 1188 1367 Modelu

144 1405 215 1469 1000
237 1402 405 1470 afferenda
432 1403 528 1486 longe
548 1401 616 1467 ulia
638 1408 697 1488 est,
732 1401 765 1466 ni
790 1400 899 1468 fallor.
946 1401 1052 1468 Unum
1073 1402 1186 1469 vitium

132 1507 242 1592 urgiuu
271 1505 412 1588 sustulit,
444 1525 517 1572 uum
546 1525 605 1590 pro
631 1505 813 1590 προσέξειν
835 1505 989 1572 seriberot
1011 1507 1183 1591 προσέξει.

131 1617 222 1676 terea
236 1631 294 1696 pro
317 1604 359 1676 ἂν
381 1614 513 1676 παθεῖν
534 1610 626 1694 legas
651 1603 699 1674 δν
721 1605 879 1690 πάθοι,
906 1607 1030 1676 collutis
1046 1629 1079 1694 p.
1094 1611 1186 1676 615ιε

131 1739 149 1780 ν
172 1709 215 1781 ἂν
236 1708 416 1797 ὑπολάβοι,
445 1717 521 1780 616⁵
545 1711 759 1780 πιστεύσειεν
781 1706 834 1779 ἄν.

136 1857 168 1921 p.
189 1839 310 1902 624ιιεε
336 1829 452 1901 Ούδὲν
482 1833 518 1900 δὲ
541 1831 663 1900 κωλύει
691 1835 748 1899 καὶ
777 1831 1019 1922 κεφαλαιωδῶς
1047 1835 1190 1922 περιλα-

131 1965 155 2003 α
179 1933 226 2004 δι’
253 1937 429 2026 ἐλαχίστης
452 1935 626 2025 δηλώσεως
658 1936 700 2001 τὰ
723 1933 946 2026 φανερώτατα
976 1935 1104 2002 εἰπεῖν·
1136 1931 1189 2003 δτι

132 2044 225 2107 δοκεῖ
238 2047 375 2118 Λυσίας
398 2041 461 2123 μὲν
483 2039 544 2127 τὴν
562 2033 729 2126 ἀλήθειαν
751 2037 883 2105 διώκειν
904 2040 1042 2123 μᾶλλον,
1066 2033 1189 2120 Ἰσαῖος

131 2143 170 2230 ην
193 2149 321 2230 τέχνην,
347 2143 405 2207 καὶ
428 2137 445 2206 δ
469 2143 532 2225 μὲν
555 2138 786 2223 στοχάζεσθαι
808 2149 869 2208 τοῦ
882 2145 1079 2226 χαριέντωςζ
1108 2134 1125 2204 ὁ
1151 2141 1187 2206 δὲ

131 2247 253 2321 δεινῶς.
299 2245 463 2312 Aduerbia
484 2249 668 2330 χαριέντως
684 2250 716 2310 et
731 2244 847 2321 δεινῶς
869 2242 973 2310 iocum
991 2244 1080 2309 nullo
1095 2242 1188 2310 modo

130 2355 178 2430 ut,
205 2368 309 2432 neque
331 2369 404 2415 uum
419 2348 552 2414 Reiskio
574 2347 668 2428 facio,
694 2347 750 2431 qui
773 2345 884 2412 εἰπεῖν
904 2345 1106 2412 intercidisse
1127 2367 1189 2432 pu-

154 2452 389 2519 Desiderantur
411 2451 474 2518 duo
496 2459 620 2532 neutra,
648 2471 730 2535 quae
752 2451 860 2517 verbis
883 2447 944 2537 νην
966 2442 1134 2537 ἀλήθειαν
1155 2457 1188 2518 et

130 2559 251 2644 τέχνην
272 2555 499 2640 respondeant.
537 2555 659 2639 utaque
681 2554 755 2639 lego
778 2553 870 2620 δοκεῖ
895 2603 901 2618 .
922 2603 957 2618 ..
984 2546 1002 2619 δ
1025 2553 1088 2637 μὲν
1110 2577 1188 2620 σιο-

133 2665 220 2726 auat
243 2667 303 2726 τού
324 2663 572 2745 χαρίεντος,
599 2651 616 2722 ύ
642 2657 677 2723 δὲ
700 2664 761 2724 τού
783 2657 941 2725 δεινοῦ.

589 2881 645 2948 VI.

394 3022 434 3074 In
451 3022 595 3076 libellum
613 3022 652 3076 de
669 3023 840 3076 Dinaroho.

136 3161 173 3226 P.
192 3161 297 3224 6387ss
316 3151 570 3240 Ὑποκειμένων
597 3157 633 3224 δὲ
663 3156 793 3224 τούτων
815 3151 989 3245 ὁλοσχερεῖ
1014 3159 1184 3244 λογισμιῖ·

130 3260 181 3348 ιὰρ
213 3255 349 3346 ἀκριβὲς
378 3255 437 3327 οὐκ
465 3259 604 3344 ἔχομεν·
636 3260 685 3348 ε’ίη
711 3257 754 3326 ἂν
779 3256 866 3325 κατὰ
891 3257 1096 3348 Νικόφημον
1126 3257 1187 3346 ἅρ-

130 3391 154 3431 ἀ
183 3362 338 3450 γεγονώς.
379 3362 409 3430 εἰ
432 3363 469 3430 δέ
498 3387 549 3441 τις
578 3359 598 3452 ἢ
627 3360 859 3451 πρεσβύτερον
887 3357 1094 3450 ἣνεώιερον
1122 3370 1188 3430 τῶν

130 3471 237 3534 ιιένων
257 3465 391 3554 χρόνων
406 3461 511 3534 αύτδν
532 3461 621 3535 εἶναι
640 3465 743 3556 φήσει
751 3470 786 3552 ¹),
814 3464 902 3550 πρὸς
917 3472 964 3550 τῷ
978 3465 1083 3554 μηδὲν
1096 3459 1188 3550 ύχιδς

130 3597 160 3638 ιν
182 3574 239 3637 καὶ
261 3569 382 3658 λόγους
408 3565 540 3655 αύτὸνῖ)
568 3568 717 3648 πολλοὺς
746 3565 966 3658 ἆφελεῖταιθχ
999 3569 1188 3652 μᾶλλονδὲ

130 3699 183 3752 ιας
206 3672 297 3762 πλὴν
319 3679 420 3740 πέντε
443 3669 462 3761 ἢ
486 3675 531 3756 ἓξ,
559 3681 624 3740 τῶν
646 3674 709 3757 μὲν
731 3670 963 3760 πρεσβύτερον
980 3665 1094 3756 αὐτὸν,
1122 3679 1189 3738 τῶν

130 3774 272 3862 εώτερον
286 3771 375 3843 εἶναι
392 3779 509 3861 λέγων.
556 3777 760 3844 Condicionis
776 3777 810 3842 iu
826 3774 960 3862 apodusi
976 3795 1039 3840 non
1054 3774 1188 3842 ferenda

130 3881 266 3968 'apetitio
293 3887 360 3946 τῶν
382 3881 446 3964 μὲν
467 3879 698 3966 πρεσβύτερον
720 3875 833 3962 αὐτὸν,
867 3885 934 3944 τῶν
962 3878 998 3944 δὲ
1020 3876 1185 3965 νεώτερον

132 4147 137 4206 )
160 4138 244 4212 φήσει
262 4138 411 4196 Wesierm.
431 4139 519 4210 biogr.
539 4156 566 4210 p.
583 4141 687 4194 32029:
715 4138 787 4212 φησὶ
805 4137 861 4193 FR
886 4140 897 4204 11
927 4137 945 4204 ²)
969 4135 1057 4192 αὐτὸν
1074 4139 1181 4212 Krueg.
1285 4175 1290 4186 ·

134 4269 140 4281 .
160 4227 276 4282 conieci.
296 4241 341 4298 up.
355 4226 503 4282 Westerm.
523 4225 543 4280 l.
563 4226 599 4281 λι
620 4215 656 4277 αὖ
675 4225 731 4281 ΡΒ
748 4229 759 4293 11
782 4223 802 4292 θ)
824 4221 969 4296 ἀφελεῖται
989 4223 1085 4296 Sym:
1107 4223 1180 4300 ἄφί-

147 4313 209 4368 FR.
