3304 4928
618 485 658 494 -
707 444 798 534 [193]
848 485 888 494 -
1284 447 1326 512 49

180 639 396 724 Deprehendii
418 647 525 706 nutem
548 643 633 725 opud
657 641 788 708 Suidam
811 637 994 728 ληκώμεθα
1005 643 1031 728 ¹)
1054 642 1222 707 lectionem
1239 641 1328 707 Pier-

179 749 318 835 sonus2).
374 747 454 812 Tum
486 749 645 832 scriptura
680 741 818 834 μάλισθ’
842 739 925 814 ὅταν
957 747 1165 832 praeferenda
1201 749 1328 814 uidetur

179 853 227 918 R¹⁸
256 845 340 920 ὅταν
366 847 514 939 μάλισθ’,
547 858 631 941 quod
664 857 779 940 frigide
812 857 968 922 Kusterus
992 857 1123 922 Vossius
1150 855 1329 920 Brunckius

180 961 382 1045 interpretati
410 969 498 1027 sunt:
527 964 554 1028 si
581 964 633 1028 uel
662 964 798 1028 maxime
821 963 869 1048 (id
898 969 947 1027 est
974 961 1265 1047 uehementissime)
1288 962 1329 1028 ab

179 1067 286 1152 aliquo
310 1069 510 1153 subegitatac
534 1070 645 1146 simus3
668 1074 811 1154 praestat
834 1091 908 1136 sane
931 1075 1071 1135 uertere:
1095 1077 1163 1134 tum
1186 1070 1330 1146 maxime,

180 1196 250 1239 cum
273 1174 315 1240 ab
334 1177 441 1260 aliquo
461 1176 661 1261 subagitatae
684 1197 804 1253 sumus,
831 1176 928 1241 alium
952 1177 1138 1242 mandimus.
1185 1177 1329 1258 Denique

180 1271 273 1367 ὅλην,
306 1283 365 1346 etsi
395 1303 519 1348 sensum
547 1283 687 1367 lepidum
719 1282 830 1359 efficit,
863 1282 1044 1366 glossemati
1072 1285 1112 1347 ad
1141 1273 1203 1368 τὴν
1231 1274 1330 1365 νύχθ’
1372 1345 1381 1359 ,

179 1389 340 1471 adscripta
368 1389 476 1454 deberi
500 1391 672 1455 uerisimile
696 1399 757 1467 est,
785 1412 856 1455 cum
879 1391 1065 1472 praesertim
1089 1390 1129 1454 de
1153 1389 1250 1470 orgiis
1273 1410 1331 1472 per

179 1501 279 1559 totam
308 1503 431 1561 noctem
454 1497 646 1580 perpetratis
669 1499 721 1579 agi
746 1498 857 1562 doceat
881 1493 992 1561 λ’ωθεν
1015 1495 1218 1572 aduerbium,
1245 1496 1329 1580 qnod

179 1601 322 1684 proxime
340 1602 495 1686 sequitum
518 1605 640 1686 recepit
658 1611 764 1670 tamen
789 1595 871 1689 ὅλην
891 1603 1043 1668 Valsenus
1066 1603 1099 1666 in
1118 1623 1245 1668 uersum
1263 1603 1329 1666 493

178 1700 328 1790 precinui
352 1733 422 1775 του.

270 1816 307 1881 In
331 1837 377 1880 vv.
401 1817 464 1881 531
491 1815 570 1881 532:

260 1914 342 1988 Ἀλλ’
366 1915 408 1988 οὗ
430 1919 493 2008 γάρ
517 1921 587 1988 έστι
610 1929 682 1987 τῶν
706 1916 940 2008 ἀναισχύντων
964 1919 1064 2006 φύσει
1086 1930 1258 2008 γυναικῶν

183 2055 192 2068 ·
258 2024 359 2095 οὐδὲν
383 2026 505 2097 κάκιον
524 2029 575 2106 εἰς
599 2020 733 2095 ἅπαντα
756 2022 844 2116 πλὴν
869 2025 966 2095 ἄλλαι
988 2044 1144 2115 γυναῖκες

50 2185 53 2194 ,
180 2136 280 2201 uerba
301 2128 391 2224 πλην
416 2129 512 2201 ἄλλαι
539 2150 694 2222 γυναῖκες
717 2159 757 2201 ex
779 2137 985 2203 adnotatione
1008 2137 1121 2202 addita
1143 2136 1329 2216 τουτέστιν,

181 2239 209 2304 εἰ
232 2235 275 2329 μὴ
300 2237 383 2328 ἄλλη
404 2239 503 2329 γυνή,
527 2244 696 2328 genuinam
720 2266 814 2328 quam
837 2244 979 2310 seruauit
1002 2245 1170 2308 Rauennae
1194 2245 1329 2326 scriptu-

181 2369 249 2412 ram
272 2340 361 2436 πλὴν
382 2341 435 2435 ἄρ’
454 2347 483 2413 εἰ
504 2361 659 2434 γυναῖκες
679 2351 876 2433 expulerunt.
912 2349 1023 2432 Neque
1041 2357 1146 2414 tamen
1166 2347 1330 2414 Dindorfio

180 2455 356 2532 adsentior,
388 2455 441 2540 qni
469 2455 581 2521 scholii
609 2455 715 2521 uerbis
739 2455 768 2519 εἰ
794 2447 838 2542 μὴ
865 2455 1080 2520 circumscribi
1109 2454 1330 2537 Aristophanis

180 2552 269 2646 πλὴν
288 2553 340 2645 ἄρ’
360 2559 389 2624 εἰ
412 2568 444 2626 et
468 2550 551 2648 ἄλλη
573 2557 657 2648 γυνη
681 2563 816 2644 proximi
839 2585 951 2626 uersus
974 2562 1087 2626 lemma
1111 2583 1178 2626 csse
1201 2561 1329 2638 statuit3

182 2668 257 2750 quid
283 2669 367 2732 enim
391 2668 452 2732 sibi
479 2669 559 2732 uelit
587 2669 651 2733 tale
675 2669 790 2732 lemma
813 2674 846 2732 et
868 2690 962 2750 quam
985 2667 1044 2732 tali
1067 2667 1207 2731 lemmati
1231 2667 1330 2750 expli-

181 2775 338 2840 cationem
356 2797 376 2839 a
394 2774 564 2840 scholiasta
582 2775 726 2840 additam
746 2796 813 2840 esse
830 2775 910 2840 uelit
929 2771 1120 2849 Dindorfius,
1145 2795 1206 2837 non
1227 2773 1331 2838 uideo.

271 2881 390 2946 Versus
413 2879 479 2946 560
502 2881 692 2964 scripturam
716 2879 833 2947 Snirlae

382 2979 496 3071 Ἑτέρα
519 2979 581 3052 τὸν
606 2980 713 3073 ἄνδρα
737 2995 786 3072 τῷ
809 2985 942 3052 πελέκει
965 2981 1218 3071 κατεσπόδησεν

183 3103 294 3159 contra
315 3095 364 3158 ΒἰΙί
388 3095 555 3160 lectionem

268 3191 345 3266 οὐδ’
369 3191 415 3277 ὡς
437 3191 499 3264 τὸν
524 3193 630 3286 ἄνδρα
653 3207 702 3285 τῷ
727 3197 860 3265 πελέκει
883 3191 967 3288 γυνη
991 3194 1241 3284 κατεσπόδησεν
1366 3257 1368 3262 ,

181 3307 318 3391 probant
333 3307 489 3372 Personus
498 3309 526 3393 ³)
546 3313 579 3372 et
593 3305 823 3392 Dindorfius⁴)‚
842 3329 913 3370 cum
926 3307 1091 3390 anapaesti
1106 3306 1137 3368 in
1154 3305 1331 3369 tetrametri

182 3412 309 3478 iambici
337 3413 514 3478 catalectici
540 3412 621 3497 pede
650 3418 762 3497 quarto
790 3413 886 3495 positi
914 3433 988 3477 rara
1019 3413 1083 3475 sint
1114 3411 1198 3493 apud
1222 3417 1344 3492 poetes.

183 3519 305 3584 Atticos
329 3517 479 3603 exempla
526 3517 584 3585 cni
608 3519 749 3602 opinioni
772 3525 928 3602 repugnat
946 3517 1104 3601 Reisigius
1125 3517 1158 3581 in
1178 3515 1330 3582 coniecit.

182 3647 232 3709 pg.
256 3627 313 3702 90,
341 3647 412 3690 cnm
440 3620 536 3712 ἑτέρα
563 3625 738 3706 separatim
761 3625 799 3688 cle
826 3645 894 3689 ακα
915 3645 981 3689 non
1004 3624 1132 3688 dicotur
1154 3641 1210 3687 nec
1227 3623 1332 3702 possit

182 3733 246 3796 nisi
270 3753 339 3797 eum
364 3733 507 3815 quadam
531 3731 727 3813 oppositione
748 3732 838 3812 poni.
888 3732 932 3795 At
961 3731 1020 3795 hoc
1042 3736 1128 3794 certo
1151 3749 1210 3794 nec
1232 3728 1331 3794 inusi-

183 3845 286 3904 tatum
308 3859 365 3903 nec
388 3839 560 3904 absurdum
583 3845 644 3915 est,
672 3845 708 3902 ut
731 3845 898 3922 postquam
922 3839 1142 3902 uniuersorum
1165 3835 1336 3899 mulierum

182 3943 324 4010 facinora
342 3945 493 4028 exemplis
512 3945 700 4027 quibusdam
720 3945 892 4010 illustrauit
914 3949 1018 4028 poeta,
1041 3949 1153 4026 pergat
1189 3937 1285 4025 ἑτέρα
1303 3979 1345 3988 -

257 4141 276 4206 ¹)
295 4139 378 4194 etiam
397 4139 426 4193 in
445 4139 484 4194 R⁰
502 4139 592 4209 prima
611 4153 692 4192 manu
711 4132 869 4206 ληκώμεθα
889 4143 1032 4192 exaratum
1052 4134 1170 4190 uidetur.

255 4229 276 4294 ¹)
295 4230 330 4284 ed
350 4228 502 4283 Moeridem
522 4245 566 4298 pg.
586 4231 610 4282 6.
968 4291 971 4298 ,

256 4318 276 4382 ³)
295 4317 323 4370 in
343 4317 470 4387 Append.
490 4317 526 4370 ed
545 4314 680 4385 Toupinm
706 4333 749 4385 pg.
769 4317 822 4370 453
842 4321 870 4371 et
888 4315 917 4369 in
936 4317 993 4386 Sup
1006 4316 1152 4384 plemcnto
1171 4313 1206 4368 ed
1226 4313 1348 4368 Praefert.

99 4467 105 4476 ι
205 4405 309 4459 Herub.
327 4425 373 4475 pg.
393 4406 465 4459 XLI.

275 4495 296 4558 ⁴)
314 4495 342 4546 in
361 4493 454 4548 adnot.
474 4493 510 4546 ad
528 4495 554 4546 h.
575 4493 591 4545 l.

1099 4581 1116 4633 4
