3274 4938
600 453 640 464 -
688 415 762 500 [65]
808 455 849 464 -
1257 415 1294 478 11

156 612 296 678 versibus
319 613 462 696 aprime
485 611 527 676 ad
551 613 805 678 trecentesimum
827 611 982 686 nullum,
1006 611 1039 674 in
1061 609 1298 696 insequentibus

157 740 255 804 usque
277 720 317 784 ed
336 716 534 784 millesimum
553 718 932 803 duodequadragesimum
951 737 1014 784 sex
1036 717 1086 782 bis
1108 719 1227 802 positos
1251 719 1299 782 in·

157 826 328 902 veniemus,
356 825 430 890 inde
456 824 497 890 ab
524 824 584 890 hoc
611 847 710 908 usque
737 827 777 892 ed
802 846 926 893 versum
951 825 1037 890 1220
1063 825 1298 910 duodequin-

157 933 339 1016 qungintn
362 953 470 998 versus
493 931 608 996 iterum
631 932 771 1015 legimus.

223 1039 284 1118 Qui
312 1040 411 1124 igitur
433 1035 502 1104 fieri
525 1038 643 1123 potuit,
670 1046 706 1102 ut
734 1040 767 1102 in
789 1040 964 1122 posteriore
986 1039 1185 1122 potissimum
1209 1045 1299 1122 parte

156 1152 205 1212 tot
222 1166 329 1212 versus
352 1147 468 1212 iterum
490 1166 510 1211 a
532 1144 672 1211 librariis
695 1145 727 1209 in
751 1151 871 1210 textum
891 1145 1115 1230 reciperentur,
1138 1146 1171 1210 in
1194 1146 1299 1228 priore

156 1261 263 1318 autem
286 1274 307 1318 a
327 1252 430 1337 primo
448 1253 489 1318 ed
508 1253 708 1318 millesimum
729 1273 854 1318 versum
871 1257 937 1318 tam
956 1251 1049 1336 pauci
1067 1252 1299 1317 insererentur?

156 1359 235 1424 Eam
259 1380 322 1424 non
345 1358 442 1426 luisse
466 1379 602 1438 causam,
625 1379 721 1444 quam
743 1357 941 1426 Nietnsehius
963 1357 1115 1436 defendit,
1137 1363 1297 1442 tamquam

156 1465 210 1532 filo
233 1467 370 1551 quodam
393 1467 491 1534 rubro
514 1467 736 1534 vocabulorum
760 1487 845 1543 eum,
867 1467 922 1550 qui
945 1466 1147 1551 Theognidea
1174 1487 1298 1534 conser-

156 1576 321 1651 cinnverit,
349 1575 489 1660 singulas
511 1574 685 1642 sententias
708 1581 872 1640 conectere
894 1580 1003 1658 atque,
1030 1574 1085 1639 ubi
1111 1572 1198 1640 filum
1220 1575 1298 1640 illud

155 1680 321 1748 uerborum
350 1684 562 1766 interruptum
590 1681 760 1759 invenerit,
787 1679 885 1748 infixa
915 1681 1016 1748 altera
1042 1682 1200 1748 sententia
1226 1703 1299 1748 con-

156 1789 262 1856 silium
288 1795 384 1872 atque
411 1791 567 1856 rationem
594 1790 678 1856 tueri
705 1788 877 1866 studuisse,
905 1809 1001 1873 supra
1028 1788 1171 1855 diximus.
1222 1787 1300 1856 lude

156 1896 261 1981 potius
289 1897 415 1962 videtur
437 1896 644 1980 repetendum
671 1918 752 1974 csse,
775 1904 811 1961 ut
839 1903 888 1962 tot
915 1917 1023 1962 sersus
1045 1895 1169 1980 saepius
1192 1916 1300 1962 occur-

157 2008 244 2080 rant,
270 2005 355 2089 quod
377 2002 527 2070 librarius
551 2003 725 2088 complures
748 2003 895 2088 deinceps
917 2002 1190 2087 Theognideorum
1212 2002 1299 2086 frag·

157 2116 333 2176 mentorum
347 2110 483 2195 syllogus
500 2112 547 2176 ita
560 2112 754 2196 conscripsit,
772 2116 809 2176 ut
822 2134 861 2176 ex
877 2111 922 2176 eis
935 2109 1084 2188 versibus,
1098 2110 1152 2196 qui
1167 2107 1299 2176 fortasse

157 2223 214 2282 ant
236 2218 338 2284 eidem
360 2224 417 2283 aut
439 2217 556 2284 similes
578 2218 612 2284 in
634 2217 826 2302 anthologiis
848 2237 927 2301 quas
949 2218 1107 2301 excerpsit
1125 2217 1300 2294 exstabant

157 2324 324 2390 nonnullos
347 2325 487 2408 quidem,
515 2346 593 2409 quos
615 2345 650 2392 se
672 2325 736 2391 iam
758 2345 853 2410 snpra
877 2323 1078 2408 descripsisse
1100 2325 1300 2402 meminisset,

156 2452 215 2497 nee
237 2439 344 2498 111111
367 2453 474 2498 omnes
497 2433 665 2500 omitteret.

246 2539 315 2605 Iam
332 2560 406 2604 vero
430 2560 469 2604 ex
491 2545 570 2623 quot
593 2538 842 2625 fragmentorum
865 2538 993 2624 syllogis
1016 2539 1049 2604 in
1072 2559 1168 2604 unum
1186 2559 1300 2624 corpus

154 2647 320 2712 redactum
343 2646 386 2712 sit
407 2646 608 2712 corollarium
630 2653 774 2713 nostrum
797 2645 968 2729 quaeritur.
1014 2645 1062 2712 Ea
1085 2649 1124 2713 de
1146 2667 1181 2711 re
1204 2667 1300 2730 quae-

153 2753 219 2820 stio
246 2755 349 2837 prima
374 2753 479 2836 specie
505 2773 568 2818 non
596 2755 642 2818 ita
668 2752 807 2820 difficilis
833 2753 958 2819 videtur
980 2773 1055 2820 esse.
1101 2752 1300 2820 Percurreuti

153 2861 242 2928 enirn
268 2843 440 2926 Nie'tzschii
462 2865 649 2944 arguments
679 2860 713 2945 (l.
733 2860 752 2925 1.
775 2882 805 2944 p.
830 2859 986 2946 16511),
1017 2861 1133 2943 quibus
1155 2883 1300 2928 versuum

152 2966 378 3052 repetitionem
405 2965 562 3050 explicare
590 2966 725 3044 studuit,
751 2967 854 3031 virum
877 2966 1004 3034 doctum
1028 2968 1222 3035 existimasse
1244 2990 1300 3053 ap-

152 3071 296 3160 parebit,
322 3095 394 3140 cum
415 3095 523 3140 versus
546 3073 620 3139 209.
640 3075 705 3140 210
730 3080 803 3158 post
826 3096 852 3140 1.
876 3074 941 3140 332
969 3081 1199 3158 repeterentur,
1227 3081 1301 3140 ante

152 3206 181 3249 v.
208 3179 273 3246 332
300 3199 400 3246 novae
426 3180 620 3247 collectionis
647 3181 774 3246 initium
800 3183 1003 3248 statuendum
1025 3203 1106 3259 esse,
1132 3186 1200 3247 tum
1228 3201 1301 3247 vero

151 3309 229 3356 cum
251 3307 359 3354 versus
385 3287 584 3354 1095.1096
609 3296 680 3374 post
702 3310 729 3353 r.
752 3288 837 3354 1160
860 3290 975 3354 iterum
997 3295 1202 3372 ponerentur,
1229 3297 1301 3372 post

152 3419 181 3462 v.
210 3395 297 3462 1096
320 3394 453 3460 alteram
470 3417 585 3462 norem
602 3397 755 3482 syllogam
772 3396 935 3480 incepisse.
972 3397 1072 3476 Quem
1091 3395 1300 3462 ratiocmandi

150 3505 241 3570 viam
264 3500 292 3566 si
314 3521 514 3584 pergeremus
537 3504 696 3587 persequi,
724 3523 871 3586 magnum
894 3503 1111 3572 collectionum
1138 3523 1300 3568 numerum

150 3606 307 3679 exhibere
330 3627 519 3692 cogeremur.

249 3713 311 3781 Sed
342 3735 383 3780 ne
414 3715 533 3780 diutius
566 3717 599 3780 in
630 3716 680 3782 his
712 3737 870 3782 moremur
901 3715 1162 3799 quaestiunculis,
1193 3716 1301 3782 statim

30 3883 38 3894 .
149 3823 347 3895 sententiam
370 3827 510 3888 nostram
531 3820 744 3906 profiteamur.
791 3823 867 3888 Inde
886 3824 970 3890 enim
987 3844 1007 3887 a
1024 3843 1117 3889 versu
1135 3822 1300 3888 millesimo

148 3940 254 4018 atque
285 3929 366 3994 adeo
397 3937 434 3994 ut
464 3930 641 3996 acuuatius
676 3929 875 4007 definiamus,
906 3932 990 3996 inter
1020 3951 1145 3998 versum
1177 3929 1241 3996 878
1269 3937 1302 3996 et

151 4037 244 4110 1038
270 4055 369 4101 novae
393 4035 585 4102 collectionis
608 4037 733 4103 initium
751 4037 964 4104 intercessisse
982 4039 1183 4122 suspicamur.
1219 4035 1300 4102 Nem

148 4143 241 4234 quod
277 4144 351 4224 post
377 4141 463 4208 hunc
489 4165 612 4210 versum
642 4145 727 4211 1088
755 4143 885 4210 crebrae
912 4142 992 4211 liunt
1019 4145 1236 4229 repetitiones,
1267 4145 1299 4210 id

147 4256 252 4324 nliter
281 4247 434 4331 explicari
456 4251 507 4315 vix
529 4256 634 4336 potest
657 4252 718 4317 nisi
741 4251 787 4316 it'e
809 4259 845 4318 ut
867 4273 979 4318 novam
1002 4252 1043 4318 ab
1066 4250 1217 4319 hocloco
1239 4252 1301 4337 syl-

147 4366 261 4446 lognm
287 4353 442 4436 incepisse
464 4363 647 4424 statuemus.

245 4463 302 4542 ‚At
334 4460 430 4527 etium
463 4467 494 4528 in
523 4465 664 4530 versibus
695 4465 749 4547 qui
777 4485 804 4529 v.
831 4465 895 4531 878
927 4467 1118 4534 antecedunt
1150 4466 1302 4548 quasdam
