3280 4934
600 463 640 475 -
688 425 762 510 [se]
808 463 865 520 ···.
1255 425 1298 489 es

155 623 197 688 Hi
229 631 338 690 autem
370 643 479 688 versus
509 622 713 698 sententiam,
749 642 831 704 quae
863 622 896 686 in
929 643 974 686 vv.
1002 620 1179 686 699-718
1212 622 1302 697 inest,

155 729 286 796 uberius
312 731 489 806 illustrant,
515 729 676 812 totiusque
702 729 764 794 loci
788 727 995 815 (cae-752)
1022 733 1184 811 tamquam
1211 748 1302 812 pero·

158 837 242 902 ratio
261 835 397 904 efficitur
414 835 557 910 versibus
572 836 672 901 753-
684 835 747 900 756
761 835 938 920 Theognidi
956 836 1161 901 vindicandis.
1198 835 1302 918 Atque

158 943 233 1008 olim
266 963 371 1010 versus
405 942 580 1010 753--756
617 963 689 1008 cum
719 943 864 1010 versibus
896 943 1072 1009 699-718
1104 949 1174 1008 arte
1205 942 1302 1008 fuisse

158 1051 340 1118 coniunctos
362 1053 629 1133 sententiamque,
657 1071 738 1134 quae
772 1052 804 1114 in
831 1073 877 1115 rv.
903 1049 1078 1116 699-718
1105 1051 1201 1127 inest,
1229 1071 1302 1114 con·

158 1157 286 1224 clusisse
304 1159 389 1244 apud
406 1179 457 1224 me
475 1157 542 1224 iere
560 1163 692 1224 constat
729 1157 762 1222 ls
778 1163 885 1222 autem
902 1159 957 1240 qui
976 1157 1190 1223 collectionem
1209 1158 1302 1220 ador-

156 1268 244 1331 navit
275 1288 315 1332 ex
346 1266 409 1332 alio
440 1268 536 1350 poeto
567 1265 708 1332 versibus
735 1285 813 1348 quos
840 1271 916 1348 apte
944 1264 1100 1330 confemet
1128 1263 1301 1346 desumptis

156 1373 329 1440 clausulam
343 1395 389 1438 vv.
402 1371 576 1438 ree-756
595 1375 732 1457 primmu
749 1372 936 1456 segregavit
955 1372 1068 1437 deinde
1083 1378 1185 1435 totum
1199 1371 1303 1435 locum

156 1480 321 1546 sententiis
354 1487 481 1546 auctum
512 1486 545 1546 et
573 1485 758 1546 exornatum
791 1478 933 1545 clausula
963 1479 1020 1544 illa
1050 1476 1166 1543 finivit:
1196 1485 1303 1542 ταῦτα

156 1583 291 1670 μαθών,
314 1579 388 1668 φίλ’
412 1581 530 1670 ἑταῖρε,
553 1591 623 1652 κτλ.

246 1692 324 1770 Hoc,
346 1695 430 1776 quod
454 1693 654 1760 desursibus
678 1693 853 1758 699--756
873 1692 1011 1769 fecimus,
1031 1691 1184 1758 indidem
1206 1713 1303 1757 unum

160 1800 288 1883 quidem
314 1801 472 1866 distichon
495 1801 637 1868 versibus
657 1801 834 1866 729-*130
851 1821 1030 1883 expressum
1050 1799 1091 1865 cd
1110 1800 1234 1864 irritum
1252 1819 1303 1864 re·

157 1907 266 1990 digere
288 1908 421 1974 videtur.
467 1908 558 1986 Quod
581 1930 651 1974 curn
669 1907 710 1973 ab
729 1908 875 1974 universo
893 1907 978 1972 illius
997 1907 1058 1973 loci
1076 1907 1301 1972 sententiarum

156 2035 240 2080 nexu
266 2015 402 2080 alienum
432 2016 487 2092 sit,
518 2016 624 2082 nescio
651 2035 714 2098 quo
743 2013 809 2080 lato
832 2020 943 2096 postea
966 2017 998 2078 in
1025 2020 1147 2080 textum
1176 2013 1303 2078 aliunde

157 2128 319 2205 receptum
342 2143 410 2190 csse
431 2121 579 2188 arbitror.

675 2342 786 2424 Vlll.

248 2529 387 2609 Quorum
415 2530 551 2615 denique
573 2530 736 2595 hominum
763 2532 796 2594 in
823 2550 914 2594 usum
936 2529 1075 2612 syllegae
1097 2534 1224 2594 nostrae
1247 2552 1301 2595 cx·

158 2643 285 2722 carptae
312 2638 390 2713 sint,
417 2643 503 2702 certo
531 2637 583 2701 vix
606 2636 669 2701 dici
691 2642 804 2719 potest.
851 2636 964 2700 Varias
987 2635 1070 2700 enirn
1093 2636 1232 2701 rationes
1255 2658 1303 2702 se·

158 2750 248 2810 cutos
281 2765 348 2810 esse
376 2763 442 2820 eos,
475 2744 529 2828 qui
561 2742 595 2808 in
627 2742 812 2826 colligendis
845 2742 1130 2824 componendisque
1162 2749 1303 2809 veterum

156 2855 323 2936 poetarum
341 2850 526 2935 fragmentis
545 2869 673 2934 operam
696 2849 938 2926 collocaverunt,
960 2855 1106 2933 apertum
1130 2856 1186 2915 est.
1223 2850 1303 2915 Nam

157 2959 302 3026 homines
324 2958 465 3043 privatos
488 2958 543 3042 qui
566 2957 745 3022 litterarum
768 2957 873 3023 studio
897 2956 1131 3022 delectarentur
1153 2958 1194 3022 ed
1213 2979 1304 3023 suum

158 3068 221 3134 sibi
252 3087 407 3152 quemque
437 3085 531 3130 nsum
562 3063 761 3130 collectiones
793 3084 832 3128 ex
863 3063 1108 3130 clarissimorum
1140 3068 1303 3148 poetarum

159 3171 350 3240 carminibus
372 3177 430 3238 aut
452 3173 536 3255 ipsos
558 3191 755 3256 comparasse
777 3176 834 3237 aut
856 3171 927 3236 aliis
950 3169 1111 3236 iaciendas
1135 3171 1303 3237 tradidisse

160 3283 230 3346 iure
253 3281 397 3346 conicias.
442 3279 581 3344 Maxime
603 3284 710 3344 autem
733 3277 767 3342 in
789 3298 880 3342 usum
903 3277 1081 3342 scholarum
1104 3297 1124 3340 a
1146 3297 1302 3360 gramma-

159 3387 232 3454 ticis
259 3388 307 3452 uel
336 3409 355 3452 a
384 3386 531 3452 ludorum
557 3383 718 3469 magistris
745 3384 899 3451 eiusmodi
922 3383 1121 3450 collectiones
1145 3384 1304 3450 corrsectse

159 3501 242 3560 sunt
292 3491 485 3576 Theognidis
512 3513 587 3558 vero
614 3493 755 3558 carmina
781 3492 916 3556 maxime
943 3491 1057 3556 idonea
1089 3497 1192 3568 erant,
1223 3512 1304 3575 quae

159 3601 194 3666 in
215 3600 300 3666 hunc
322 3620 413 3664 usum
436 3605 688 3682 excerperentur.
733 3598 773 3663 In
793 3598 919 3664 Atticos
941 3597 1068 3681 quidem
1091 3597 1182 3662 ludos
1201 3597 1303 3662 Theo·

160 3707 265 3790 gnidis
292 3706 509 3790 gnomologiae
536 3726 600 3772 non
627 3726 715 3772 secus
738 3712 834 3788 atque
857 3704 988 3770 Hesiodi
1011 3704 1196 3782 sententias,
1223 3724 1304 3788 quac

160 3815 224 3881 iam
246 3813 406 3880 Pisistrati
428 3810 563 3878 fortasse
586 3818 692 3879 aetate
715 3835 753 3878 ex
775 3811 932 3896 Operibus
956 3815 988 3876 et
1011 3809 1130 3876 Diebus
1154 3810 1304 3876 collectan

160 3921 363 3988 instituendis
390 3921 495 4004 pueris
524 3919 838 3997 commendabantur,
870 3920 933 3984 iain
960 3917 1135 4001 arrtiquitus
1162 3923 1304 4001 receptas

161 4049 229 4096 esse
247 4033 378 4098 constat.
389 4028 414 4112 ¹)
455 4027 500 4091 At
518 4026 716 4094 Nietzscbius
734 4033 858 4095 nostres
877 4025 1013 4110 syllegae
1031 4024 1157 4090 minime
1176 4017 1305 4088 idoneas

161 4135 258 4202 luisse
286 4133 462 4212 contendit,
489 4155 568 4218 quae
595 4135 628 4200 in
656 4134 835 4200 litterarum
862 4132 946 4198 ludis
967 4136 1231 4216 proponerentur:
1263 4131 1305 4196 ad

161 4243 257 4310 talem
285 4241 367 4308 enim
394 4263 484 4307 usum
512 4242 654 4308 carmina
678 4241 797 4308 leviora
820 4245 852 4306 ct
875 4239 992 4306 lasciva
1014 4244 1047 4303 et
1068 4239 1218 4305 indecora
1239 4257 1305 4302 om-

163 4363 433 4470 hss-bcdlr-Aug.
453 4401 596 4456 Steltzium
621 4397 674 4467 ,die
693 4399 797 4456 Werlre
817 4399 872 4455 und
894 4399 970 4470 Tage
994 4399 1042 4455 dcs
1062 4397 1205 4455 Hesiodos’
1229 4397 1304 4469 Lips.

162 4491 232 4546 1869
250 4505 382 4558 prooem,
402 4489 451 4545 cfr.
470 4489 554 4546 etlam
573 4489 643 4544 Plat.
663 4488 716 4556 leg.
736 4489 811 4556 VIII,
830 4491 923 4546 elon.

1109 4578 1146 4632 6*
