3280 4934
593 467 633 478 -
680 430 754 514 [91]
800 468 841 478 -
1245 432 1287 497 11

148 645 259 690 causae
277 645 298 689 a
314 624 383 690 viro
401 623 583 690 doctissimo
601 625 717 690 allatae
735 625 814 692 satis
828 626 869 690 ed
883 643 951 690 rem
964 645 1053 691 suam
1068 625 1290 692 stabiliendam

147 730 323 797 sufficiunt:
351 731 484 796 diversis
506 732 590 796 enim
612 730 702 810 locis,
730 732 805 816 quia
827 731 956 798 verbum
979 739 1144 798 conectens
1167 734 1290 798 deside·

148 845 286 915 raretur,
322 843 379 903 eut
413 837 592 922 fragmenta
627 845 682 904 ant
714 859 820 904 vorsus
856 839 1054 905 intercidisse
1084 846 1211 906 coactus
1242 847 1291 906 est

149 951 296 1011 statuere
341 944 451 1029 Neque
474 967 548 1012 vero
576 945 653 1030 qnid
680 965 719 1010 ex
741 945 883 1012 versibus
905 947 946 1012 de
967 947 1074 1030 priore
1096 946 1218 1032 sylloge
1239 967 1291 1011 re-

149 1053 270 1135 petitis,
306 1071 386 1135 quos
417 1052 451 1116 in
487 1052 547 1120 hae
578 1071 703 1137 quoque
735 1053 920 1119 collectione
950 1052 1126 1136 complures
1157 1053 1291 1118 inveniri

149 1161 256 1224 statim
287 1158 524 1236 demonstrabo,
556 1158 665 1225 auxilii
692 1165 800 1244 petere
826 1161 927 1244 possit
952 1161 993 1225 ed
1021 1161 1173 1225 iudicium
1200 1181 1291 1225 sunm

149 1265 395 1334 confirmandum
426 1267 572 1351 equidem
604 1267 703 1332 video.
758 1267 830 1332 Uno
862 1268 943 1344 loco,
970 1267 1056 1350 quod
1083 1266 1193 1344 sciam,
1219 1271 1292 1350 post

148 1395 174 1437 1.
191 1374 276 1440 1238
295 1373 432 1439 disticho
449 1374 585 1458 repetito
599 1373 785 1440 vocabulum
803 1373 883 1440 illud
901 1373 1114 1457 copulatirum
1132 1374 1290 1440 inseritur.

148 1480 343 1565 Quamquam
375 1481 435 1546 boe
460 1503 524 1546 uno
551 1481 620 1547 loeo
647 1481 737 1569 (ante
758 1503 785 1547 v.
812 1481 911 1568 1239)
938 1483 990 1546 vix
1018 1481 1158 1546 dubitari
1186 1487 1291 1566 potest

148 1591 224 1671 quin
249 1587 406 1654 distichon
429 1587 510 1654 illud
535 1589 648 1656 leae-b
665 1609 729 1655 non
752 1589 825 1655 ideo
847 1591 890 1654 sit
910 1589 1080 1673 repetitum
1103 1595 1140 1654 ut
1162 1589 1290 1656 verbum

148 1696 332 1762 conectendi
356 1693 546 1774 efficeretur,
569 1697 626 1762 sed
648 1702 684 1761 ut
706 1700 776 1762 tote
797 1697 968 1773 sententie,
990 1697 1150 1780 adquam
1172 1697 1291 1779 optime

148 1802 329 1886 quadraret,
352 1802 538 1886 expleretur.
585 1803 654 1882 Qua
676 1805 716 1869 de
737 1825 773 1869 11
795 1825 892 1888 supra
915 1804 1042 1888 egimus.
1085 1802 1202 1869 Contra
1219 1803 1290 1869 aliis

148 1909 239 1987 locis,
269 1909 325 1975 ubi
356 1931 463 1976 versus
496 1931 534 1976 ex
566 1910 647 1976 libro
679 1910 784 1994 priore
815 1911 933 1995 petitos
960 1917 993 1976 et
1024 1910 1098 1975 huic
1129 1910 1210 1976 libro
1242 1911 1290 1974 in-

148 2023 249 2083 sertos
272 2018 420 2094 invenias,
442 2016 628 2084 vocabulum
651 2024 816 2084 conectens
838 2019 990 2102 indagare
1013 2017 1148 2100 nequivi.
1194 2017 1290 2084 Prae·

147 2131 236 2189 terea
261 2129 373 2190 contra
398 2124 587 2194 mutantium
614 2124 868 2191 Nietzschianem
900 2145 1025 2201 moneo,
1056 2123 1210 2190 vocabule
1235 2125 1291 2190 ille

148 2230 337 2315 copulativa,
363 2253 445 2317 qnae
467 2231 535 2316 ipse
557 2231 680 2308 laudet,
701 2237 739 2298 111
760 2233 794 2296 11
817 2231 1002 2316 fragmentis
1025 2232 1066 2296 ad
1088 2231 1173 2298 idem
1194 2253 1290 2317 argu·

147 2345 288 2404 mentum
309 2338 556 2423 pertinentibus,
582 2359 704 2423 semper
731 2338 797 2406 fere
824 2339 934 2406 eadem
957 2359 1033 2404 esse.
1079 2339 1122 2404 nt
1147 2339 1290 2423 proiecto

148 2467 218 2510 oum
241 2446 383 2512 tabulam
406 2445 492 2511 illam
515 2467 534 2512 a
557 2445 737 2512 Nietzsehio
748 2448 774 2532 ¹)
796 2447 991 2531 propositam
1014 2447 1197 2530 inspexeris,
1219 2467 1289 2512 seo·

146 2549 273 2634 pissime
291 2553 402 2618 eadem
419 2552 573 2618 vocabula
590 2554 690 2618 ariro
709 2553 891 2620 doctissimo
908 2553 1055 2636 usurpari
1074 2555 1115 2618 ad
1134 2554 1290 2620 rationem

147 2679 236 2723 suam
258 2661 506 2743 persequendam
528 2659 703 2742 intelleges.
749 2659 856 2726 Verba
878 2663 961 2726 enim
984 2681 1065 2743 quae
1088 2661 1129 2726 ad
1152 2681 1291 2726 amorem

146 2765 315 2848 pertinent,
332 2772 371 2831 11
388 2767 421 2842 in
439 2766 498 2831 tali
517 2765 636 2851 sylloge
654 2766 721 2832 lieri
741 2769 830 2844 solet,
849 2769 890 2834 ad
909 2767 1050 2834 taedium
1067 2789 1166 2852 usque
1185 2788 1289 2834 recur-

146 2879 230 2937 11111.

236 2977 299 3046 Sed
326 3000 389 3065 quo
416 2978 540 3046 facilius
561 2980 655 3046 huius
678 2980 752 3047 libri
775 2983 981 3066 repetitiones
1004 3001 1180 3059 recenseas,
1207 3001 1290 3048 snm-

145 3086 281 3151 marium
303 3107 478 3171 proponam
501 3107 647 3154 ramnum
669 3090 891 3172 repetitorum:

237 3501 412 3510 Ἤ
514 3501 907 3510 ———-—-—--——-—

213 3518 596 3645 nwmfflmm
795 3529 968 3663 11]
1067 3553 1202 3609 ΜΗ

229 3639 408 3725 mm,
543 3638 894 3696 'nmen
1049 3643 1215 3697 rmm

212 3728 597 3791 nmmmmm
797 3688 969 3817 ΙΑΙ
1068 3731 1202 3786 mm

151 3762 631 3912 Ammlmml
798 3814 894 3874 ln
1068 3821 1199 3875 mm

172 3897 630 3984 mwmmwms
871 3911 968 3979 Α,
1067 3907 1199 3964 ΜΗ

228 3997 407 4084 mm!
626 3983 1218 4088 ,mm'njmmffl

232 4157 281 4222 Ex
308 4157 358 4222 his
385 4157 448 4222 dno
480 4155 608 4242 quidem
635 4157 787 4237 disticha,
819 4179 900 4244 quae
927 4160 1080 4227 asterisco
1111 4157 1292 4244 sigrdficavi

144 4262 282 4346 repetita
308 4284 376 4330 esse
403 4263 521 4348 primus
552 4264 660 4331 doerit
687 4287 714 4330 v.
740 4265 770 4331 d.
799 4265 909 4350 Meyus
935 4289 1018 4334 nova
1041 4277 1146 4353 'nuper
1177 4267 1292 4334 codicis

236 4497 255 4553 'l
273 4495 322 4550 clr.
342 4493 519 4550 Rinteleuum
538 4511 564 4562 p.
584 4495 619 4550 38
639 4511 697 4564 sqq.
