<?xml version="1.0" encoding="UTF-8"?>
<!DOCTYPE html PUBLIC "-//W3C//DTD XHTML 1.0 Transitional//EN"
    "http://www.w3.org/TR/xhtml1/DTD/xhtml1-transitional.dtd">
<html xmlns="http://www.w3.org/1999/xhtml" xml:lang="en" lang="en">
 <head>
  <title>
</title>
<meta http-equiv="Content-Type" content="text/html;charset=utf-8" />
  <meta name='ocr-system' content='tesseract 3.04.00' />
  <meta name='ocr-capabilities' content='ocr_page ocr_carea ocr_par ocr_line ocrx_word'/>
</head>
<body>
  <div class='ocr_page' id='page_1' title='image "./dissertationesp01stragoog_0131.png"; bbox 0 0 3280 4934; ppageno 0'>
   <div class='ocr_carea' id='block_1_1' title="bbox 311 364 1014 449">
    <p class='ocr_par' dir='ltr' id='par_1_1' title="bbox 311 364 1014 449">
     <span class='ocr_line' id='line_1_1' title="bbox 311 364 1014 449; baseline 0.003 -21"><span class='ocrx_word' id='word_1_1' title='bbox 311 364 353 428; x_wconf 84' lang='lat' dir='ltr'><strong>aa</strong></span> <span class='ocrx_word' id='word_1_2' title='bbox 744 403 787 412; x_wconf 93' lang='lat'>-</span> <span class='ocrx_word' id='word_1_3' title='bbox 831 365 928 449; x_wconf 82' lang='lat'>[122]</span> <span class='ocrx_word' id='word_1_4' title='bbox 974 403 1014 416; x_wconf 82' lang='lat'>-</span> 
     </span>
    </p>
   </div>
   <div class='ocr_carea' id='block_1_2' title="bbox 307 559 1447 1608">
    <p class='ocr_par' dir='ltr' id='par_1_2' title="bbox 307 559 1447 1608">
     <span class='ocr_line' id='line_1_2' title="bbox 310 559 1447 647; baseline 0 -19"><span class='ocrx_word' id='word_1_5' title='bbox 310 563 392 629; x_wconf 89' lang='lat' dir='ltr'><strong>sium</strong></span> <span class='ocrx_word' id='word_1_6' title='bbox 417 559 568 626; x_wconf 88' lang='lat' dir='ltr'><strong>memoria</strong></span> <span class='ocrx_word' id='word_1_7' title='bbox 595 561 703 628; x_wconf 85' lang='lat' dir='ltr'><strong>elassis</strong></span> <span class='ocrx_word' id='word_1_8' title='bbox 725 561 838 628; x_wconf 80' lang='lat' dir='ltr'><strong>viatrix</strong></span> <span class='ocrx_word' id='word_1_9' title='bbox 864 563 899 627; x_wconf 91' lang='lat' dir='ltr'><strong>in</strong></span> <span class='ocrx_word' id='word_1_10' title='bbox 921 559 1067 627; x_wconf 80' lang='lat' dir='ltr'><strong>Piraeum</strong></span> <span class='ocrx_word' id='word_1_11' title='bbox 1094 561 1217 628; x_wconf 81' lang='lat' dir='ltr'><strong>inrecte</strong></span> <span class='ocrx_word' id='word_1_12' title='bbox 1240 568 1302 640; x_wconf 85' lang='lat' dir='ltr'><strong>eat,</strong></span> <span class='ocrx_word' id='word_1_13' title='bbox 1330 562 1447 647; x_wconf 86' lang='lat' dir='ltr'><strong>optime</strong></span> 
     </span>
     <span class='ocr_line' id='line_1_3' title="bbox 310 668 1446 756; baseline 0.001 -22"><span class='ocrx_word' id='word_1_14' title='bbox 310 668 372 735; x_wconf 87' lang='lat' dir='ltr'><strong>diei</strong></span> <span class='ocrx_word' id='word_1_15' title='bbox 394 668 549 734; x_wconf 85' lang='lat' dir='ltr'><strong>videntur.</strong></span> <span class='ocrx_word' id='word_1_16' title='bbox 585 668 666 734; x_wconf 88' lang='lat' dir='ltr'><strong>Nam</strong></span> <span class='ocrx_word' id='word_1_17' title='bbox 685 669 769 756; x_wconf 93' lang='lat' dir='ltr'><strong>quod</strong></span> <span class='ocrx_word' id='word_1_18' title='bbox 787 668 949 734; x_wconf 87' lang='lat' dir='ltr'><strong>Rennerus</strong></span> <span class='ocrx_word' id='word_1_19' title='bbox 972 691 1001 751; x_wconf 91' lang='lat' dir='ltr'><strong>p.</strong></span> <span class='ocrx_word' id='word_1_20' title='bbox 1023 669 1063 734; x_wconf 90' lang='lat'><strong>13</strong></span> <span class='ocrx_word' id='word_1_21' title='bbox 1086 669 1189 736; x_wconf 81' lang='lat' dir='ltr'><strong>locum</strong></span> <span class='ocrx_word' id='word_1_22' title='bbox 1212 670 1344 736; x_wconf 90' lang='lat' dir='ltr'><strong>Diodori</strong></span> <span class='ocrx_word' id='word_1_23' title='bbox 1364 691 1446 736; x_wconf 87' lang='lat' dir='ltr'><strong>com-</strong></span> 
     </span>
     <span class='ocr_line' id='line_1_4' title="bbox 308 765 1445 866; baseline 0.002 -26"><span class='ocrx_word' id='word_1_24' title='bbox 308 781 415 860; x_wconf 87' lang='lat' dir='ltr'><strong>parat:</strong></span> <span class='ocrx_word' id='word_1_25' title='bbox 447 771 738 866; x_wconf 79' lang='grc' dir='ltr'><strong><em>παρακαλούντων</em></strong></span> <span class='ocrx_word' id='word_1_26' title='bbox 767 775 803 840; x_wconf 79' lang='grc' dir='ltr'><strong>δὲ</strong></span> <span class='ocrx_word' id='word_1_27' title='bbox 826 765 931 840; x_wconf 79' lang='grc' dir='ltr'><strong><em>αὐτὸν</em></strong></span> <span class='ocrx_word' id='word_1_28' title='bbox 958 765 1044 860; x_wconf 82' lang='grc' dir='ltr'><strong><em>πρὸς</em></strong></span> <span class='ocrx_word' id='word_1_29' title='bbox 1074 769 1113 840; x_wconf 86' lang='grc' dir='ltr'><strong>τό</strong></span> <span class='ocrx_word' id='word_1_30' title='bbox 1142 784 1339 863; x_wconf 81' lang='grc' dir='ltr'><strong><em>συνεργῆσαι</em></strong></span> <span class='ocrx_word' id='word_1_31' title='bbox 1366 793 1445 842; x_wconf 92' lang='grc' dir='ltr'><strong><em>συν-</em></strong></span> 
     </span>
     <span class='ocr_line' id='line_1_5' title="bbox 309 874 1445 970; baseline 0.002 -23"><span class='ocrx_word' id='word_1_32' title='bbox 309 881 465 948; x_wconf 82' lang='grc' dir='ltr'><strong><em>επένευσε</em></strong></span> <span class='ocrx_word' id='word_1_33' title='bbox 494 883 551 947; x_wconf 80' lang='grc' dir='ltr'><strong><em>καὶ</em></strong></span> <span class='ocrx_word' id='word_1_34' title='bbox 577 889 634 968; x_wconf 85' lang='grc' dir='ltr'><strong>τῆς</strong></span> <span class='ocrx_word' id='word_1_35' title='bbox 660 880 721 967; x_wconf 83' lang='grc' dir='ltr'><strong>μὲν</strong></span> <span class='ocrx_word' id='word_1_36' title='bbox 744 877 863 965; x_wconf 82' lang='grc' dir='ltr'><strong><em>Σάμον</em></strong></span> <span class='ocrx_word' id='word_1_37' title='bbox 889 875 1034 966; x_wconf 77' lang='grc' dir='ltr'><strong><em>Θώρακα</em></strong></span> <span class='ocrx_word' id='word_1_38' title='bbox 1060 874 1122 948; x_wconf 80' lang='grc' dir='ltr'><strong>τὸν</strong></span> <span class='ocrx_word' id='word_1_39' title='bbox 1145 879 1363 970; x_wconf 82' lang='grc' dir='ltr'><strong><em>Σπαρτιάτην</em></strong></span> <span class='ocrx_word' id='word_1_40' title='bbox 1387 876 1445 968; x_wconf 82' lang='grc' dir='ltr'><strong>ἆρ-</strong></span> 
     </span>
     <span class='ocr_line' id='line_1_6' title="bbox 307 979 1446 1075; baseline 0.002 -21"><span class='ocrx_word' id='word_1_41' title='bbox 307 980 434 1075; x_wconf 80' lang='grc' dir='ltr'><strong><em>μοστὴν</em></strong></span> <span class='ocrx_word' id='word_1_42' title='bbox 457 987 668 1075; x_wconf 81' lang='grc' dir='ltr'><strong><em>κατέστησεν,</em></strong></span> <span class='ocrx_word' id='word_1_43' title='bbox 692 980 792 1066; x_wconf 80' lang='grc' dir='ltr'><strong><em>αὐτὸς</em></strong></span> <span class='ocrx_word' id='word_1_44' title='bbox 816 988 852 1054; x_wconf 78' lang='grc' dir='ltr'><strong>δὲ</strong></span> <span class='ocrx_word' id='word_1_45' title='bbox 873 979 955 1073; x_wconf 74' lang='grc' dir='ltr'><strong><em>μετὰ</em></strong></span> <span class='ocrx_word' id='word_1_46' title='bbox 973 995 1062 1054; x_wconf 81' lang='grc' dir='ltr'><strong><em>νεῶν</em></strong></span> <span class='ocrx_word' id='word_1_47' title='bbox 1082 981 1204 1056; x_wconf 71' lang='grc' dir='ltr'><strong><em>ἑκατὸν</em></strong></span> <span class='ocrx_word' id='word_1_48' title='bbox 1222 988 1446 1058; x_wconf 80' lang='grc' dir='ltr'><strong><em>κατέπλευσεν</em></strong></span> 
     </span>
     <span class='ocr_line' id='line_1_7' title="bbox 309 1085 1446 1182; baseline 0.004 -22"><span class='ocrx_word' id='word_1_49' title='bbox 309 1095 355 1173; x_wconf 83' lang='grc' dir='ltr'><strong>εἰς</strong></span> <span class='ocrx_word' id='word_1_50' title='bbox 377 1086 438 1161; x_wconf 83' lang='grc' dir='ltr'><strong>τὸν</strong></span> <span class='ocrx_word' id='word_1_51' title='bbox 457 1097 598 1180; x_wconf 86' lang='grc' dir='ltr'><strong><em>Πειραιᾶ</em></strong></span> <span class='ocrx_word' id='word_1_52' title='bbox 621 1095 719 1182; x_wconf 79' lang='lat' dir='ltr'>(xlv,</span> <span class='ocrx_word' id='word_1_53' title='bbox 737 1097 768 1173; x_wconf 89' lang='grc'><strong>3,</strong></span> <span class='ocrx_word' id='word_1_54' title='bbox 786 1095 832 1181; x_wconf 83' lang='lat'><strong>5),</strong></span> <span class='ocrx_word' id='word_1_55' title='bbox 858 1095 955 1161; x_wconf 82' lang='lat' dir='ltr'><strong>verba</strong></span> <span class='ocrx_word' id='word_1_56' title='bbox 977 1085 1079 1172; x_wconf 78' lang='grc' dir='ltr'><strong><em>αὐτὸς</em></strong></span> <span class='ocrx_word' id='word_1_57' title='bbox 1107 1092 1142 1161; x_wconf 81' lang='grc' dir='ltr'><strong>δέ</strong></span> <span class='ocrx_word' id='word_1_58' title='bbox 1170 1119 1233 1162; x_wconf 91' lang='lat' dir='ltr'><strong>uon</strong></span> <span class='ocrx_word' id='word_1_59' title='bbox 1260 1099 1362 1164; x_wconf 90' lang='lat' dir='ltr'><strong>minus</strong></span> <span class='ocrx_word' id='word_1_60' title='bbox 1385 1099 1446 1164; x_wconf 91' lang='lat' dir='ltr'><strong>sol-</strong></span> 
     </span>
     <span class='ocr_line' id='line_1_8' title="bbox 308 1202 1445 1288; baseline 0.002 -21"><span class='ocrx_word' id='word_1_61' title='bbox 308 1202 454 1268; x_wconf 88' lang='lat' dir='ltr'><strong>lemniter</strong></span> <span class='ocrx_word' id='word_1_62' title='bbox 480 1203 686 1288; x_wconf 86' lang='lat' dir='ltr'><strong>pronuntiata</strong></span> <span class='ocrx_word' id='word_1_63' title='bbox 713 1223 781 1268; x_wconf 87' lang='lat' dir='ltr'><strong>esso</strong></span> <span class='ocrx_word' id='word_1_64' title='bbox 808 1209 910 1279; x_wconf 86' lang='lat' dir='ltr'><strong>ratus,</strong></span> <span class='ocrx_word' id='word_1_65' title='bbox 942 1223 1012 1267; x_wconf 86' lang='lat' dir='ltr'><strong>oum</strong></span> <span class='ocrx_word' id='word_1_66' title='bbox 1039 1209 1145 1268; x_wconf 67' lang='lat' dir='ltr'><strong>minen</strong></span> <span class='ocrx_word' id='word_1_67' title='bbox 1172 1204 1251 1271; x_wconf 90' lang='lat' dir='ltr'><strong>haeo</strong></span> <span class='ocrx_word' id='word_1_68' title='bbox 1277 1206 1317 1271; x_wconf 90' lang='lat' dir='ltr'><strong>de</strong></span> <span class='ocrx_word' id='word_1_69' title='bbox 1344 1207 1445 1272; x_wconf 86' lang='lat' dir='ltr'><strong>altero</strong></span> 
     </span>
     <span class='ocr_line' id='line_1_9' title="bbox 308 1310 1446 1395; baseline 0.002 -21"><span class='ocrx_word' id='word_1_70' title='bbox 308 1310 444 1376; x_wconf 88' lang='lat' dir='ltr'><strong>adventu</strong></span> <span class='ocrx_word' id='word_1_71' title='bbox 470 1310 653 1395; x_wconf 74' lang='lat' dir='ltr'><strong>accipienda</strong></span> <span class='ocrx_word' id='word_1_72' title='bbox 681 1331 748 1376; x_wconf 89' lang='lat' dir='ltr'><strong>esse</strong></span> <span class='ocrx_word' id='word_1_73' title='bbox 775 1316 895 1376; x_wconf 87' lang='lat' dir='ltr'><strong>eertum</strong></span> <span class='ocrx_word' id='word_1_74' title='bbox 923 1311 977 1376; x_wconf 81' lang='lat' dir='ltr'><strong>sit:</strong></span> <span class='ocrx_word' id='word_1_75' title='bbox 1009 1331 1072 1374; x_wconf 93' lang='lat' dir='ltr'><strong>non</strong></span> <span class='ocrx_word' id='word_1_76' title='bbox 1100 1315 1149 1376; x_wconf 87' lang='lat' dir='ltr'><strong>est</strong></span> <span class='ocrx_word' id='word_1_77' title='bbox 1175 1333 1231 1378; x_wconf 91' lang='lat' dir='ltr'><strong>our</strong></span> <span class='ocrx_word' id='word_1_78' title='bbox 1258 1312 1321 1376; x_wconf 89' lang='lat' dir='ltr'><strong>ista</strong></span> <span class='ocrx_word' id='word_1_79' title='bbox 1347 1311 1446 1377; x_wconf 85' lang='lat' dir='ltr'><strong>fusius</strong></span> 
     </span>
     <span class='ocr_line' id='line_1_10' title="bbox 308 1415 1446 1505; baseline 0.004 -25"><span class='ocrx_word' id='word_1_80' title='bbox 308 1415 493 1482; x_wconf 81' lang='lat' dir='ltr'><strong>refellamus.</strong></span> <span class='ocrx_word' id='word_1_81' title='bbox 538 1417 649 1502; x_wconf 80' lang='lat' dir='ltr'><strong>Lysias</strong></span> <span class='ocrx_word' id='word_1_82' title='bbox 671 1418 769 1502; x_wconf 86' lang='lat' dir='ltr'><strong>igitur</strong></span> <span class='ocrx_word' id='word_1_83' title='bbox 791 1417 959 1499; x_wconf 75' lang='lat' dir='ltr'>optimates</span> <span class='ocrx_word' id='word_1_84' title='bbox 982 1423 1077 1482; x_wconf 89' lang='lat' dir='ltr'><strong>autea</strong></span> <span class='ocrx_word' id='word_1_85' title='bbox 1099 1417 1134 1500; x_wconf 66' lang='grc' dir='ltr'><strong>(ξ</strong></span> <span class='ocrx_word' id='word_1_86' title='bbox 1156 1417 1211 1505; x_wconf 84' lang='grc'><strong>17)</strong></span> <span class='ocrx_word' id='word_1_87' title='bbox 1233 1417 1267 1482; x_wconf 92' lang='lat' dir='ltr'><strong>id</strong></span> <span class='ocrx_word' id='word_1_88' title='bbox 1291 1417 1446 1484; x_wconf 82' lang='lat' dir='ltr'><strong>studuisse</strong></span> 
     </span>
     <span class='ocr_line' id='line_1_11' title="bbox 307 1523 1446 1608; baseline 0.003 -21"><span class='ocrx_word' id='word_1_89' title='bbox 307 1524 457 1600; x_wconf 82' lang='lat' dir='ltr'><strong>narravit,</strong></span> <span class='ocrx_word' id='word_1_90' title='bbox 479 1530 516 1589; x_wconf 86' lang='lat' dir='ltr'><strong>ut</strong></span> <span class='ocrx_word' id='word_1_91' title='bbox 537 1530 611 1590; x_wconf 88' lang='lat' dir='ltr'><strong>ante</strong></span> <span class='ocrx_word' id='word_1_92' title='bbox 633 1545 741 1608; x_wconf 88' lang='lat' dir='ltr'><strong>paoem</strong></span> <span class='ocrx_word' id='word_1_93' title='bbox 764 1523 1011 1589; x_wconf 78' lang='lat' dir='ltr'>concludendam</span> <span class='ocrx_word' id='word_1_94' title='bbox 1033 1524 1093 1589; x_wconf 89' lang='lat' dir='ltr'><strong>viri</strong></span> <span class='ocrx_word' id='word_1_95' title='bbox 1115 1525 1164 1588; x_wconf 89' lang='lat' dir='ltr'><strong>illi</strong></span> <span class='ocrx_word' id='word_1_96' title='bbox 1187 1545 1204 1589; x_wconf 94' lang='lat' dir='ltr'><strong>e</strong></span> <span class='ocrx_word' id='word_1_97' title='bbox 1227 1525 1331 1591; x_wconf 92' lang='lat' dir='ltr'><strong>medio</strong></span> <span class='ocrx_word' id='word_1_98' title='bbox 1355 1524 1446 1590; x_wconf 87' lang='lat' dir='ltr'><strong>tolle·</strong></span> 
     </span>
    </p>
   </div>
   <div class='ocr_carea' id='block_1_3' title="bbox 307 1631 1559 1716">
    <p class='ocr_par' dir='ltr' id='par_1_3' title="bbox 307 1631 1559 1716">
     <span class='ocr_line' id='line_1_12' title="bbox 307 1631 1559 1716; baseline 0.004 -22"><span class='ocrx_word' id='word_1_99' title='bbox 307 1636 429 1708; x_wconf 83' lang='lat' dir='ltr'><strong>rentur3</strong></span> <span class='ocrx_word' id='word_1_100' title='bbox 457 1631 520 1696; x_wconf 86' lang='lat' dir='ltr'><strong>iam</strong></span> <span class='ocrx_word' id='word_1_101' title='bbox 542 1631 602 1698; x_wconf 90' lang='lat' dir='ltr'><strong>hoe</strong></span> <span class='ocrx_word' id='word_1_102' title='bbox 624 1632 692 1697; x_wconf 86' lang='lat' dir='ltr'><strong>loco</strong></span> <span class='ocrx_word' id='word_1_103' title='bbox 715 1631 853 1714; x_wconf 84' lang='lat' dir='ltr'><strong>graviter</strong></span> <span class='ocrx_word' id='word_1_104' title='bbox 876 1636 908 1695; x_wconf 89' lang='lat' dir='ltr'><strong>et</strong></span> <span class='ocrx_word' id='word_1_105' title='bbox 931 1651 1002 1696; x_wconf 88' lang='lat' dir='ltr'><strong>cum</strong></span> <span class='ocrx_word' id='word_1_106' title='bbox 1024 1632 1054 1695; x_wconf 87' lang='lat' dir='ltr'><strong>vi</strong></span> <span class='ocrx_word' id='word_1_107' title='bbox 1077 1633 1214 1716; x_wconf 88' lang='lat' dir='ltr'><strong>quadam</strong></span> <span class='ocrx_word' id='word_1_108' title='bbox 1236 1632 1353 1716; x_wconf 84' lang='lat' dir='ltr'><strong>pergit,</strong></span> <span class='ocrx_word' id='word_1_109' title='bbox 1375 1655 1445 1698; x_wconf 90' lang='lat' dir='ltr'><strong>oum</strong></span> <span class='ocrx_word' id='word_1_110' title='bbox 1554 1649 1559 1658; x_wconf 85' lang='grc'><em>·</em></span> 
     </span>
    </p>
   </div>
   <div class='ocr_carea' id='block_1_4' title="bbox 307 1737 1445 2038">
    <p class='ocr_par' dir='ltr' id='par_1_4' title="bbox 307 1737 1445 2038">
     <span class='ocr_line' id='line_1_13' title="bbox 307 1737 1445 1822; baseline 0.002 -20"><span class='ocrx_word' id='word_1_111' title='bbox 307 1737 393 1820; x_wconf 88' lang='lat' dir='ltr'><strong>eapti</strong></span> <span class='ocrx_word' id='word_1_112' title='bbox 419 1745 536 1815; x_wconf 83' lang='lat' dir='ltr'><strong>essent,</strong></span> <span class='ocrx_word' id='word_1_113' title='bbox 563 1744 631 1804; x_wconf 86' lang='lat' dir='ltr'><strong>tum</strong></span> <span class='ocrx_word' id='word_1_114' title='bbox 658 1738 776 1805; x_wconf 82' lang='lat' dir='ltr'><strong>foetum</strong></span> <span class='ocrx_word' id='word_1_115' title='bbox 803 1759 884 1814; x_wconf 87' lang='lat' dir='ltr'><strong>ease,</strong></span> <span class='ocrx_word' id='word_1_116' title='bbox 910 1743 947 1802; x_wconf 90' lang='lat' dir='ltr'><strong>ut</strong></span> <span class='ocrx_word' id='word_1_117' title='bbox 974 1737 1136 1822; x_wconf 77' lang='lat' dir='ltr'><strong>Lysander</strong></span> <span class='ocrx_word' id='word_1_118' title='bbox 1162 1739 1195 1803; x_wconf 93' lang='lat' dir='ltr'><strong>in</strong></span> <span class='ocrx_word' id='word_1_119' title='bbox 1222 1739 1369 1806; x_wconf 80' lang='lat' dir='ltr'><strong>Piraeum</strong></span> <span class='ocrx_word' id='word_1_120' title='bbox 1396 1739 1445 1804; x_wconf 91' lang='lat' dir='ltr'><strong>in-</strong></span> 
     </span>
     <span class='ocr_line' id='line_1_14' title="bbox 307 1843 1445 1929; baseline 0.003 -21"><span class='ocrx_word' id='word_1_121' title='bbox 307 1843 475 1909; x_wconf 82' lang='lat' dir='ltr'><strong>veheretur</strong></span> <span class='ocrx_word' id='word_1_122' title='bbox 506 1849 539 1910; x_wconf 88' lang='lat' dir='ltr'><strong>et</strong></span> <span class='ocrx_word' id='word_1_123' title='bbox 570 1844 676 1910; x_wconf 88' lang='lat' dir='ltr'><strong>omnia</strong></span> <span class='ocrx_word' id='word_1_124' title='bbox 704 1844 789 1910; x_wconf 90' lang='lat' dir='ltr'><strong>mala</strong></span> <span class='ocrx_word' id='word_1_125' title='bbox 818 1844 852 1912; x_wconf 93' lang='lat' dir='ltr'><strong>in</strong></span> <span class='ocrx_word' id='word_1_126' title='bbox 883 1845 994 1912; x_wconf 90' lang='lat' dir='ltr'><strong>urbem</strong></span> <span class='ocrx_word' id='word_1_127' title='bbox 1026 1845 1250 1929; x_wconf 78' lang='lat' dir='ltr'><strong>irrumperent:</strong></span> <span class='ocrx_word' id='word_1_128' title='bbox 1285 1866 1367 1929; x_wconf 88' lang='lat' dir='ltr'><strong>quae</strong></span> <span class='ocrx_word' id='word_1_129' title='bbox 1398 1846 1445 1911; x_wconf 91' lang='lat' dir='ltr'><strong>vis</strong></span> 
     </span>
     <span class='ocr_line' id='line_1_15' title="bbox 307 1950 1118 2038; baseline 0.004 -23"><span class='ocrx_word' id='word_1_130' title='bbox 307 1950 395 2016; x_wconf 89' lang='lat' dir='ltr'><strong>nulla</strong></span> <span class='ocrx_word' id='word_1_131' title='bbox 417 1956 512 2030; x_wconf 87' lang='lat' dir='ltr'><strong>esset,</strong></span> <span class='ocrx_word' id='word_1_132' title='bbox 534 1952 561 2016; x_wconf 89' lang='lat' dir='ltr'><strong>si</strong></span> <span class='ocrx_word' id='word_1_133' title='bbox 584 1957 652 2017; x_wconf 87' lang='lat' dir='ltr'><strong>tum</strong></span> <span class='ocrx_word' id='word_1_134' title='bbox 675 1971 736 2035; x_wconf 87' lang='lat' dir='ltr'><strong>pax</strong></span> <span class='ocrx_word' id='word_1_135' title='bbox 759 1952 824 2018; x_wconf 92' lang='lat' dir='ltr'><strong>iam</strong></span> <span class='ocrx_word' id='word_1_136' title='bbox 846 1957 977 2038; x_wconf 89' lang='lat' dir='ltr'><strong>aooepta</strong></span> <span class='ocrx_word' id='word_1_137' title='bbox 1000 1951 1118 2019; x_wconf 80' lang='lat' dir='ltr'><strong>fuisset</strong></span> 
     </span>
    </p>
   </div>
   <div class='ocr_carea' id='block_1_5' title="bbox 846 2292 909 2373">
    <p class='ocr_par' dir='ltr' id='par_1_5' title="bbox 846 2292 909 2373">
     <span class='ocr_line' id='line_1_16' title="bbox 846 2292 909 2373; baseline -0.016 0"><span class='ocrx_word' id='word_1_138' title='bbox 846 2292 909 2373; x_wconf 88' lang='grc' dir='ltr'><strong>ΙΙΙ.</strong></span> 
     </span>
    </p>
   </div>
   <div class='ocr_carea' id='block_1_6' title="bbox 305 2485 1445 3624">
    <p class='ocr_par' dir='ltr' id='par_1_6' title="bbox 305 2485 1445 3624">
     <span class='ocr_line' id='line_1_17' title="bbox 394 2485 1444 2572; baseline 0.001 -21"><span class='ocrx_word' id='word_1_139' title='bbox 394 2486 517 2564; x_wconf 87' lang='lat' dir='ltr'><strong>Restat,</strong></span> <span class='ocrx_word' id='word_1_140' title='bbox 544 2491 581 2552; x_wconf 87' lang='lat' dir='ltr'><strong>ut</strong></span> <span class='ocrx_word' id='word_1_141' title='bbox 603 2487 643 2552; x_wconf 92' lang='lat' dir='ltr'><strong>de</strong></span> <span class='ocrx_word' id='word_1_142' title='bbox 667 2486 792 2552; x_wconf 87' lang='lat' dir='ltr'><strong>Grotii</strong></span> <span class='ocrx_word' id='word_1_143' title='bbox 816 2485 908 2570; x_wconf 88' lang='lat' dir='ltr'>(VIII</span> <span class='ocrx_word' id='word_1_144' title='bbox 934 2509 963 2570; x_wconf 84' lang='lat' dir='ltr'><strong>p</strong></span> <span class='ocrx_word' id='word_1_145' title='bbox 988 2487 1029 2551; x_wconf 84' lang='grc'><strong>26</strong></span> <span class='ocrx_word' id='word_1_146' title='bbox 1053 2487 1125 2552; x_wconf 88' lang='lat' dir='ltr'><strong>adn.</strong></span> <span class='ocrx_word' id='word_1_147' title='bbox 1151 2487 1185 2572; x_wconf 88' lang='lat'><strong>1)</strong></span> <span class='ocrx_word' id='word_1_148' title='bbox 1209 2487 1348 2552; x_wconf 88' lang='lat' dir='ltr'><strong>dieamus</strong></span> <span class='ocrx_word' id='word_1_149' title='bbox 1371 2509 1444 2552; x_wconf 88' lang='lat' dir='ltr'><strong>sen·</strong></span> 
     </span>
     <span class='ocr_line' id='line_1_18' title="bbox 307 2593 1444 2678; baseline -0.002 -18"><span class='ocrx_word' id='word_1_150' title='bbox 307 2596 416 2671; x_wconf 87' lang='lat' dir='ltr'><strong>tentia,</strong></span> <span class='ocrx_word' id='word_1_151' title='bbox 437 2596 493 2678; x_wconf 89' lang='lat' dir='ltr'><strong>qui</strong></span> <span class='ocrx_word' id='word_1_152' title='bbox 515 2594 555 2659; x_wconf 86' lang='lat' dir='ltr'><strong>ad</strong></span> <span class='ocrx_word' id='word_1_153' title='bbox 575 2593 748 2678; x_wconf 79' lang='lat' dir='ltr'><strong>simplicem</strong></span> <span class='ocrx_word' id='word_1_154' title='bbox 764 2593 982 2676; x_wconf 82' lang='lat' dir='ltr'><strong>Xenophontis</strong></span> <span class='ocrx_word' id='word_1_155' title='bbox 1005 2593 1219 2659; x_wconf 85' lang='lat' dir='ltr'><strong>narrationem</strong></span> <span class='ocrx_word' id='word_1_156' title='bbox 1240 2595 1444 2671; x_wconf 90' lang='lat' dir='ltr'><strong>redeundum,</strong></span> 
     </span>
     <span class='ocr_line' id='line_1_19' title="bbox 305 2699 1444 2786; baseline 0.001 -21"><span class='ocrx_word' id='word_1_157' title='bbox 305 2700 417 2786; x_wconf 83' lang='lat' dir='ltr'><strong>Lysiae</strong></span> <span class='ocrx_word' id='word_1_158' title='bbox 448 2709 554 2767; x_wconf 90' lang='lat' dir='ltr'><strong>autem</strong></span> <span class='ocrx_word' id='word_1_159' title='bbox 583 2702 739 2767; x_wconf 85' lang='lat' dir='ltr'><strong>rationem</strong></span> <span class='ocrx_word' id='word_1_160' title='bbox 770 2701 896 2767; x_wconf 92' lang='lat' dir='ltr'><strong>omnino</strong></span> <span class='ocrx_word' id='word_1_161' title='bbox 927 2722 990 2766; x_wconf 91' lang='lat' dir='ltr'><strong>non</strong></span> <span class='ocrx_word' id='word_1_162' title='bbox 1022 2699 1199 2766; x_wconf 91' lang='lat' dir='ltr'><strong>habendam</strong></span> <span class='ocrx_word' id='word_1_163' title='bbox 1231 2723 1298 2766; x_wconf 89' lang='lat' dir='ltr'><strong>esso</strong></span> <span class='ocrx_word' id='word_1_164' title='bbox 1330 2707 1444 2766; x_wconf 87' lang='lat' dir='ltr'><strong>censet.</strong></span> 
     </span>
     <span class='ocr_line' id='line_1_20' title="bbox 307 2807 1445 2893; baseline 0 -20"><span class='ocrx_word' id='word_1_165' title='bbox 307 2808 417 2891; x_wconf 86' lang='lat' dir='ltr'><strong>[taque</strong></span> <span class='ocrx_word' id='word_1_166' title='bbox 447 2830 556 2893; x_wconf 85' lang='lat' dir='ltr'><strong>paoem</strong></span> <span class='ocrx_word' id='word_1_167' title='bbox 587 2814 679 2892; x_wconf 89' lang='lat' dir='ltr'><strong>putat</strong></span> <span class='ocrx_word' id='word_1_168' title='bbox 709 2809 836 2892; x_wconf 87' lang='lat' dir='ltr'><strong>postero</strong></span> <span class='ocrx_word' id='word_1_169' title='bbox 864 2808 916 2872; x_wconf 92' lang='lat' dir='ltr'><strong>die</strong></span> <span class='ocrx_word' id='word_1_170' title='bbox 943 2830 1038 2890; x_wconf 90' lang='lat' dir='ltr'><strong>quam</strong></span> <span class='ocrx_word' id='word_1_171' title='bbox 1069 2808 1207 2874; x_wconf 87' lang='lat' dir='ltr'><strong>redierat</strong></span> <span class='ocrx_word' id='word_1_172' title='bbox 1234 2807 1445 2873; x_wconf 80' lang='lat' dir='ltr'><strong>Theramenes</strong></span> 
     </span>
     <span class='ocr_line' id='line_1_21' title="bbox 305 2914 1445 3000; baseline 0 -20"><span class='ocrx_word' id='word_1_173' title='bbox 305 2919 465 3000; x_wconf 87' lang='lat' dir='ltr'><strong>aooeptam</strong></span> <span class='ocrx_word' id='word_1_174' title='bbox 488 2936 565 2991; x_wconf 87' lang='lat' dir='ltr'><strong>esso,</strong></span> <span class='ocrx_word' id='word_1_175' title='bbox 586 2915 712 2998; x_wconf 87' lang='lat' dir='ltr'><strong>Lysiam</strong></span> <span class='ocrx_word' id='word_1_176' title='bbox 735 2919 841 2980; x_wconf 90' lang='lat' dir='ltr'><strong>autem</strong></span> <span class='ocrx_word' id='word_1_177' title='bbox 864 2916 1006 2980; x_wconf 82' lang='lat' dir='ltr'><strong>consulto</strong></span> <span class='ocrx_word' id='word_1_178' title='bbox 1028 2935 1134 2979; x_wconf 87' lang='lat' dir='ltr'><strong>rernm</strong></span> <span class='ocrx_word' id='word_1_179' title='bbox 1152 2914 1295 2980; x_wconf 86' lang='lat' dir='ltr'><strong>ordinem</strong></span> <span class='ocrx_word' id='word_1_180' title='bbox 1317 2935 1445 2998; x_wconf 85' lang='lat' dir='ltr'><strong>pervor-</strong></span> 
     </span>
     <span class='ocr_line' id='line_1_22' title="bbox 305 3020 1444 3105; baseline -0.002 -17"><span class='ocrx_word' id='word_1_181' title='bbox 305 3029 382 3099; x_wconf 89' lang='lat' dir='ltr'><strong>tere‚</strong></span> <span class='ocrx_word' id='word_1_182' title='bbox 400 3043 470 3087; x_wconf 89' lang='lat' dir='ltr'><strong>oum</strong></span> <span class='ocrx_word' id='word_1_183' title='bbox 488 3021 619 3088; x_wconf 88' lang='lat' dir='ltr'><strong>insidias</strong></span> <span class='ocrx_word' id='word_1_184' title='bbox 637 3027 747 3087; x_wconf 85' lang='lat' dir='ltr'><strong>eontra</strong></span> <span class='ocrx_word' id='word_1_185' title='bbox 764 3023 847 3086; x_wconf 87' lang='lat' dir='ltr'><strong>viros</strong></span> <span class='ocrx_word' id='word_1_186' title='bbox 870 3022 1037 3105; x_wconf 90' lang='lat' dir='ltr'><strong>populares</strong></span> <span class='ocrx_word' id='word_1_187' title='bbox 1055 3020 1096 3086; x_wconf 90' lang='lat' dir='ltr'><strong>ab</strong></span> <span class='ocrx_word' id='word_1_188' title='bbox 1116 3020 1322 3104; x_wconf 86' lang='lat' dir='ltr'><strong>optimatibus</strong></span> <span class='ocrx_word' id='word_1_189' title='bbox 1339 3028 1444 3105; x_wconf 87' lang='lat' dir='ltr'><strong>poste-</strong></span> 
     </span>
     <span class='ocr_line' id='line_1_23' title="bbox 305 3126 1445 3213; baseline 0 -20"><span class='ocrx_word' id='word_1_190' title='bbox 305 3131 388 3195; x_wconf 86' lang='lat' dir='ltr'><strong>riore</strong></span> <span class='ocrx_word' id='word_1_191' title='bbox 411 3135 552 3212; x_wconf 87' lang='lat' dir='ltr'><strong>tempore</strong></span> <span class='ocrx_word' id='word_1_192' title='bbox 575 3134 710 3194; x_wconf 84' lang='lat' dir='ltr'><strong>structas</strong></span> <span class='ocrx_word' id='word_1_193' title='bbox 733 3135 808 3194; x_wconf 89' lang='lat' dir='ltr'><strong>ante</strong></span> <span class='ocrx_word' id='word_1_194' title='bbox 830 3150 938 3213; x_wconf 89' lang='lat' dir='ltr'><strong>paoem</strong></span> <span class='ocrx_word' id='word_1_195' title='bbox 957 3135 1117 3212; x_wconf 72' lang='lat' dir='ltr'><strong>acceptam</strong></span> <span class='ocrx_word' id='word_1_196' title='bbox 1136 3128 1236 3194; x_wconf 85' lang='lat' dir='ltr'><strong>factas</strong></span> <span class='ocrx_word' id='word_1_197' title='bbox 1255 3126 1362 3212; x_wconf 85' lang='lat' dir='ltr'><strong>fingat,</strong></span> <span class='ocrx_word' id='word_1_198' title='bbox 1385 3130 1445 3193; x_wconf 85' lang='lat' dir='ltr'><strong>sei·</strong></span> 
     </span>
     <span class='ocr_line' id='line_1_24' title="bbox 305 3235 1444 3318; baseline -0.002 -16"><span class='ocrx_word' id='word_1_199' title='bbox 305 3237 380 3302; x_wconf 88' lang='lat' dir='ltr'><strong>licet</strong></span> <span class='ocrx_word' id='word_1_200' title='bbox 402 3242 439 3301; x_wconf 93' lang='lat' dir='ltr'><strong>ut</strong></span> <span class='ocrx_word' id='word_1_201' title='bbox 461 3256 523 3300; x_wconf 93' lang='lat' dir='ltr'><strong>non</strong></span> <span class='ocrx_word' id='word_1_202' title='bbox 546 3237 647 3301; x_wconf 91' lang='lat' dir='ltr'><strong>solum</strong></span> <span class='ocrx_word' id='word_1_203' title='bbox 664 3236 774 3302; x_wconf 87' lang='lat' dir='ltr'><strong>mortis</strong></span> <span class='ocrx_word' id='word_1_204' title='bbox 794 3257 901 3302; x_wconf 89' lang='lat' dir='ltr'><strong>eorum</strong></span> <span class='ocrx_word' id='word_1_205' title='bbox 920 3236 1058 3301; x_wconf 87' lang='lat' dir='ltr'><strong>virorum</strong></span> <span class='ocrx_word' id='word_1_206' title='bbox 1076 3255 1201 3300; x_wconf 87' lang='lat' dir='ltr'><strong>oausam</strong></span> <span class='ocrx_word' id='word_1_207' title='bbox 1219 3235 1253 3300; x_wconf 92' lang='lat' dir='ltr'><strong>in</strong></span> <span class='ocrx_word' id='word_1_208' title='bbox 1270 3236 1444 3318; x_wconf 85' lang='lat' dir='ltr'><strong>Agoratum</strong></span> 
     </span>
     <span class='ocr_line' id='line_1_25' title="bbox 305 3341 1444 3426; baseline -0.003 -18"><span class='ocrx_word' id='word_1_209' title='bbox 305 3342 484 3420; x_wconf 85' lang='lat' dir='ltr'><strong>transferat,</strong></span> <span class='ocrx_word' id='word_1_210' title='bbox 502 3343 557 3408; x_wconf 91' lang='lat' dir='ltr'><strong>sed</strong></span> <span class='ocrx_word' id='word_1_211' title='bbox 580 3343 681 3426; x_wconf 90' lang='lat' dir='ltr'><strong>ipsam</strong></span> <span class='ocrx_word' id='word_1_212' title='bbox 698 3342 784 3408; x_wconf 90' lang='lat' dir='ltr'><strong>illam</strong></span> <span class='ocrx_word' id='word_1_213' title='bbox 807 3342 1047 3426; x_wconf 84' lang='lat' dir='ltr'><strong>ignominiosam</strong></span> <span class='ocrx_word' id='word_1_214' title='bbox 1065 3363 1174 3426; x_wconf 90' lang='lat' dir='ltr'><strong>paoem</strong></span> <span class='ocrx_word' id='word_1_215' title='bbox 1193 3342 1223 3407; x_wconf 90' lang='lat' dir='ltr'><strong>ei</strong></span> <span class='ocrx_word' id='word_1_216' title='bbox 1240 3342 1295 3407; x_wconf 86' lang='lat' dir='ltr'><strong>det</strong></span> <span class='ocrx_word' id='word_1_217' title='bbox 1313 3341 1444 3407; x_wconf 90' lang='lat' dir='ltr'><strong>crimini.</strong></span> 
     </span>
     <span class='ocr_line' id='line_1_26' title="bbox 305 3447 1444 3534; baseline -0.002 -20"><span class='ocrx_word' id='word_1_218' title='bbox 305 3450 373 3516; x_wconf 92' lang='lat' dir='ltr'><strong>Iam</strong></span> <span class='ocrx_word' id='word_1_219' title='bbox 399 3471 438 3516; x_wconf 90' lang='lat' dir='ltr'><strong>ne</strong></span> <span class='ocrx_word' id='word_1_220' title='bbox 465 3449 568 3516; x_wconf 89' lang='lat' dir='ltr'><strong>dioam</strong></span> <span class='ocrx_word' id='word_1_221' title='bbox 590 3471 610 3515; x_wconf 90' lang='lat' dir='ltr'><strong>a</strong></span> <span class='ocrx_word' id='word_1_222' title='bbox 632 3448 771 3515; x_wconf 89' lang='lat' dir='ltr'><strong>moribus</strong></span> <span class='ocrx_word' id='word_1_223' title='bbox 793 3448 906 3534; x_wconf 91' lang='lat' dir='ltr'><strong>Lysiae</strong></span> <span class='ocrx_word' id='word_1_224' title='bbox 934 3449 1105 3516; x_wconf 90' lang='lat' dir='ltr'><strong>abhorrere</strong></span> <span class='ocrx_word' id='word_1_225' title='bbox 1133 3447 1286 3514; x_wconf 89' lang='lat' dir='ltr'><strong>eiusmodi</strong></span> <span class='ocrx_word' id='word_1_226' title='bbox 1313 3449 1444 3514; x_wconf 89' lang='lat' dir='ltr'><strong>menda-</strong></span> 
     </span>
     <span class='ocr_line' id='line_1_27' title="bbox 306 3553 1444 3624; baseline -0.004 -2"><span class='ocrx_word' id='word_1_227' title='bbox 306 3557 389 3624; x_wconf 87' lang='lat' dir='ltr'><strong>eium</strong></span> <span class='ocrx_word' id='word_1_228' title='bbox 414 3595 453 3605; x_wconf 92' lang='lat'><em>-</em></span> <span class='ocrx_word' id='word_1_229' title='bbox 477 3555 550 3621; x_wconf 89' lang='lat' dir='ltr'><strong>nolo</strong></span> <span class='ocrx_word' id='word_1_230' title='bbox 577 3557 660 3622; x_wconf 91' lang='lat' dir='ltr'><strong>enim</strong></span> <span class='ocrx_word' id='word_1_231' title='bbox 686 3553 943 3623; x_wconf 81' lang='lat' dir='ltr'><strong>honorificentius</strong></span> <span class='ocrx_word' id='word_1_232' title='bbox 971 3555 1110 3621; x_wconf 82' lang='lat' dir='ltr'><strong>iudicare</strong></span> <span class='ocrx_word' id='word_1_233' title='bbox 1139 3555 1178 3620; x_wconf 92' lang='lat' dir='ltr'><strong>de</strong></span> <span class='ocrx_word' id='word_1_234' title='bbox 1206 3555 1363 3620; x_wconf 91' lang='lat' dir='ltr'><strong>eausidioo</strong></span> <span class='ocrx_word' id='word_1_235' title='bbox 1386 3555 1444 3618; x_wconf 80' lang='lat' dir='ltr'><strong>At-</strong></span> 
     </span>
    </p>
   </div>
   <div class='ocr_carea' id='block_1_7' title="bbox 304 3661 1445 4070">
    <p class='ocr_par' dir='ltr' id='par_1_7' title="bbox 304 3661 1445 4070">
     <span class='ocr_line' id='line_1_28' title="bbox 304 3661 1444 3748; baseline -0.004 -19"><span class='ocrx_word' id='word_1_236' title='bbox 304 3663 368 3730; x_wconf 87' lang='lat' dir='ltr'><strong>tioo</strong></span> <span class='ocrx_word' id='word_1_237' title='bbox 381 3689 439 3730; x_wconf 75' lang='grc' dir='ltr'><strong>-ι</strong></span> <span class='ocrx_word' id='word_1_238' title='bbox 458 3685 565 3729; x_wconf 83' lang='lat' dir='ltr'><strong>verum</strong></span> <span class='ocrx_word' id='word_1_239' title='bbox 580 3663 840 3729; x_wconf 85' lang='lat' dir='ltr'><strong>utoonoedamus</strong></span> <span class='ocrx_word' id='word_1_240' title='bbox 854 3663 981 3748; x_wconf 87' lang='lat' dir='ltr'><strong>Lysiam</strong></span> <span class='ocrx_word' id='word_1_241' title='bbox 999 3664 1138 3747; x_wconf 82' lang='lat' dir='ltr'><strong>partium</strong></span> <span class='ocrx_word' id='word_1_242' title='bbox 1152 3662 1257 3727; x_wconf 85' lang='lat' dir='ltr'><strong>studio</strong></span> <span class='ocrx_word' id='word_1_243' title='bbox 1275 3661 1444 3728; x_wconf 81' lang='lat' dir='ltr'><strong>adductum</strong></span> 
     </span>
     <span class='ocr_line' id='line_1_29' title="bbox 306 3749 1444 3856; baseline -0.004 -19"><span class='ocrx_word' id='word_1_244' title='bbox 306 3770 398 3837; x_wconf 82' lang='lat' dir='ltr'><strong>facile</strong></span> <span class='ocrx_word' id='word_1_245' title='bbox 420 3769 500 3835; x_wconf 85' lang='lat' dir='ltr'><strong>falsa</strong></span> <span class='ocrx_word' id='word_1_246' title='bbox 526 3749 695 3836; x_wconf 85' lang='lat' dir='ltr'><strong>tradidisse</strong></span> <span class='ocrx_word' id='word_1_247' title='bbox 719 3776 751 3836; x_wconf 86' lang='lat' dir='ltr'><strong>et</strong></span> <span class='ocrx_word' id='word_1_248' title='bbox 776 3776 920 3856; x_wconf 86' lang='lat' dir='ltr'><strong>tempora</strong></span> <span class='ocrx_word' id='word_1_249' title='bbox 942 3769 1129 3847; x_wconf 80' lang='lat' dir='ltr'><strong>confudisse,</strong></span> <span class='ocrx_word' id='word_1_250' title='bbox 1156 3767 1311 3833; x_wconf 81' lang='lat' dir='ltr'><strong>iudicibus</strong></span> <span class='ocrx_word' id='word_1_251' title='bbox 1339 3776 1444 3834; x_wconf 90' lang='lat' dir='ltr'><strong>tamen</strong></span> 
     </span>
     <span class='ocr_line' id='line_1_30' title="bbox 306 3876 1444 3963; baseline -0.003 -19"><span class='ocrx_word' id='word_1_252' title='bbox 306 3899 377 3944; x_wconf 92' lang='lat' dir='ltr'><strong>oum</strong></span> <span class='ocrx_word' id='word_1_253' title='bbox 404 3876 468 3942; x_wconf 87' lang='lat' dir='ltr'><strong>tale</strong></span> <span class='ocrx_word' id='word_1_254' title='bbox 495 3876 571 3962; x_wconf 90' lang='lat' dir='ltr'><strong>quid</strong></span> <span class='ocrx_word' id='word_1_255' title='bbox 598 3878 787 3963; x_wconf 89' lang='lat' dir='ltr'><strong>persuadere</strong></span> <span class='ocrx_word' id='word_1_256' title='bbox 810 3885 866 3943; x_wconf 90' lang='lat' dir='ltr'><strong>aut</strong></span> <span class='ocrx_word' id='word_1_257' title='bbox 892 3879 1033 3962; x_wconf 88' lang='lat' dir='ltr'><strong>potuisse</strong></span> <span class='ocrx_word' id='word_1_258' title='bbox 1055 3882 1111 3942; x_wconf 90' lang='lat' dir='ltr'><strong>aut</strong></span> <span class='ocrx_word' id='word_1_259' title='bbox 1138 3882 1284 3942; x_wconf 84' lang='lat' dir='ltr'><strong>conatum</strong></span> <span class='ocrx_word' id='word_1_260' title='bbox 1308 3896 1384 3953; x_wconf 89' lang='lat' dir='ltr'><strong>esse,</strong></span> <span class='ocrx_word' id='word_1_261' title='bbox 1412 3877 1444 3941; x_wconf 89' lang='lat' dir='ltr'><strong>id</strong></span> 
     </span>
     <span class='ocr_line' id='line_1_31' title="bbox 306 3983 1445 4070; baseline -0.002 -20"><span class='ocrx_word' id='word_1_262' title='bbox 306 3986 434 4068; x_wconf 86' lang='lat' dir='ltr'><strong>qnidam</strong></span> <span class='ocrx_word' id='word_1_263' title='bbox 457 3984 640 4050; x_wconf 82' lang='lat' dir='ltr'><strong>moredibile</strong></span> <span class='ocrx_word' id='word_1_264' title='bbox 659 3991 716 4051; x_wconf 89' lang='lat' dir='ltr'><strong>est.</strong></span> <span class='ocrx_word' id='word_1_265' title='bbox 753 3985 855 4065; x_wconf 82' lang='lat' dir='ltr'><strong>Quid?</strong></span> <span class='ocrx_word' id='word_1_266' title='bbox 879 3984 997 4050; x_wconf 88' lang='lat' dir='ltr'><strong>iudioes</strong></span> <span class='ocrx_word' id='word_1_267' title='bbox 1015 4005 1085 4048; x_wconf 89' lang='lat' dir='ltr'><strong>eum</strong></span> <span class='ocrx_word' id='word_1_268' title='bbox 1108 3983 1169 4068; x_wconf 84' lang='lat' dir='ltr'><strong>ipsi</strong></span> <span class='ocrx_word' id='word_1_269' title='bbox 1192 3983 1299 4069; x_wconf 91' lang='lat' dir='ltr'><strong>pauois</strong></span> <span class='ocrx_word' id='word_1_270' title='bbox 1318 3984 1409 4050; x_wconf 88' lang='lat' dir='ltr'><strong>aunis</strong></span> <span class='ocrx_word' id='word_1_271' title='bbox 1419 3985 1445 4070; x_wconf 90' lang='lat'><strong>¹)</strong></span> 
     </span>
    </p>
   </div>
   <div class='ocr_carea' id='block_1_8' title="bbox 307 4247 1446 4504">
    <p class='ocr_par' dir='ltr' id='par_1_8' title="bbox 307 4247 1446 4504">
     <span class='ocr_line' id='line_1_32' title="bbox 396 4247 1446 4320; baseline -0.003 -14"><span class='ocrx_word' id='word_1_272' title='bbox 396 4253 415 4312; x_wconf 68' lang='lat'><strong>¹)</strong></span> <span class='ocrx_word' id='word_1_273' title='bbox 434 4251 491 4319; x_wconf 80' lang='lat' dir='ltr'><strong>Quo</strong></span> <span class='ocrx_word' id='word_1_274' title='bbox 511 4257 633 4320; x_wconf 83' lang='lat' dir='ltr'><strong>tempore</strong></span> <span class='ocrx_word' id='word_1_275' title='bbox 652 4251 740 4307; x_wconf 82' lang='lat' dir='ltr'><strong>oratio</strong></span> <span class='ocrx_word' id='word_1_276' title='bbox 754 4252 822 4307; x_wconf 88' lang='lat' dir='ltr'>Xlll</span> <span class='ocrx_word' id='word_1_277' title='bbox 840 4250 937 4306; x_wconf 85' lang='lat' dir='ltr'><strong>hatita</strong></span> <span class='ocrx_word' id='word_1_278' title='bbox 956 4249 999 4316; x_wconf 88' lang='lat' dir='ltr'><strong>ait,</strong></span> <span class='ocrx_word' id='word_1_279' title='bbox 1020 4257 1095 4305; x_wconf 86' lang='lat' dir='ltr'><strong>certo</strong></span> <span class='ocrx_word' id='word_1_280' title='bbox 1113 4247 1223 4304; x_wconf 86' lang='lat' dir='ltr'><strong>definiri</strong></span> <span class='ocrx_word' id='word_1_281' title='bbox 1241 4247 1349 4318; x_wconf 84' lang='lat' dir='ltr'><strong>nequit3</strong></span> <span class='ocrx_word' id='word_1_282' title='bbox 1369 4248 1446 4304; x_wconf 82' lang='lat' dir='ltr'><strong>vide·</strong></span> 
     </span>
     <span class='ocr_line' id='line_1_33' title="bbox 307 4338 1445 4411; baseline -0.001 -16"><span class='ocrx_word' id='word_1_283' title='bbox 307 4347 351 4395; x_wconf 89' lang='lat' dir='ltr'><strong>tur</strong></span> <span class='ocrx_word' id='word_1_284' title='bbox 370 4345 462 4394; x_wconf 87' lang='lat' dir='ltr'><strong>tamen</strong></span> <span class='ocrx_word' id='word_1_285' title='bbox 480 4340 599 4410; x_wconf 84' lang='lat' dir='ltr'><strong>spatium</strong></span> <span class='ocrx_word' id='word_1_286' title='bbox 618 4340 739 4411; x_wconf 87' lang='lat' dir='ltr'><strong>quinque</strong></span> <span class='ocrx_word' id='word_1_287' title='bbox 757 4341 801 4396; x_wconf 78' lang='lat' dir='ltr'><strong>vel</strong></span> <span class='ocrx_word' id='word_1_288' title='bbox 822 4357 870 4396; x_wconf 85' lang='lat' dir='ltr'><strong>sex</strong></span> <span class='ocrx_word' id='word_1_289' title='bbox 889 4355 1021 4396; x_wconf 89' lang='lat' dir='ltr'><strong>annorum</strong></span> <span class='ocrx_word' id='word_1_290' title='bbox 1039 4338 1229 4396; x_wconf 83' lang='lat' dir='ltr'><strong>intercessisse</strong></span> <span class='ocrx_word' id='word_1_291' title='bbox 1253 4339 1325 4393; x_wconf 86' lang='lat' dir='ltr'><strong>iuter</strong></span> <span class='ocrx_word' id='word_1_292' title='bbox 1348 4355 1445 4408; x_wconf 85' lang='lat' dir='ltr'><strong>pacem</strong></span> 
     </span>
     <span class='ocr_line' id='line_1_34' title="bbox 308 4429 838 4504; baseline 0 -20"><span class='ocrx_word' id='word_1_293' title='bbox 308 4429 464 4490; x_wconf 82' lang='lat' dir='ltr'><strong>conclusam</strong></span> <span class='ocrx_word' id='word_1_294' title='bbox 482 4429 688 4504; x_wconf 83' lang='lat' dir='ltr'><strong>orationemque</strong></span> <span class='ocrx_word' id='word_1_295' title='bbox 706 4429 838 4486; x_wconf 85' lang='lat' dir='ltr'><strong>habitam.</strong></span> 
     </span>
    </p>
   </div>
   <div class='ocr_carea' id='block_1_9' title="bbox 0 0 1644 4934">
    <p class='ocr_par' dir='ltr' id='par_1_9' title="bbox 0 0 1644 4934">
     <span class='ocr_line' id='line_1_35' title="bbox 0 0 1644 4934; baseline 0 0"><span class='ocrx_word' id='word_1_296' title='bbox 0 0 1644 4934; x_wconf 95' lang='lat' dir='ltr'><strong> </strong></span> 
     </span>
    </p>
   </div>
  </div>
 </body>
</html>
