3268 4920
338 377 381 438 41
536 375 539 386 ·
778 409 821 418 -
869 375 952 454 pon
999 409 1044 420 -

336 560 515 628 litudinem.
541 581 636 644 quam
660 559 820 626 formandi
837 559 991 626 rationem
1009 560 1152 644 vulgaris
1168 561 1306 626 maxime
1322 561 1477 628 sermonis

337 665 498 750 propriam
522 683 595 730 esse
618 670 752 730 constat.
794 664 929 730 Formae
945 662 1028 729 enim
1045 663 1133 742 illae,
1159 682 1242 748 quae
1260 672 1369 729 esseut
1384 683 1476 730 rarae

336 767 387 834 rel
410 786 482 834 cum
505 766 783 850 grammaticorum
800 765 912 851 regula
925 764 1112 851 discrepare
1128 765 1323 846 viderentur,
1349 765 1383 831 in
1399 766 1476 832 coti-

334 869 431 936 diano
454 867 581 936 dicendi
604 889 665 934 usu
687 875 902 936 commutatae
925 867 1064 934 suntad
1087 867 1328 935 similitudinem
1350 888 1471 950 earum,

334 992 511 1057 quaecum
535 992 734 1038 communem
762 979 971 1055 sequerentur
1001 971 1144 1054 regulam
1174 972 1474 1056 pervulgatissimac

335 1085 368 1143 et
392 1076 425 1142 in
455 1075 595 1142 omnium
625 1095 680 1142 ore
711 1083 813 1141 erant.
860 1075 979 1140 Contra
1009 1073 1122 1141 Cicero
1150 1093 1222 1140 cum
1251 1075 1474 1142 constituendo

334 1179 473 1247 sermoni
495 1178 618 1244 urbano
639 1197 769 1262 operam
791 1175 1001 1262 impenderet,
1027 1195 1067 1244 ex
1086 1177 1301 1263 cumpluribus
1318 1177 1473 1244 eiusmodi

335 1282 444 1348 formis
467 1301 539 1347 eam
562 1281 749 1365 plerumque
771 1279 948 1363 legitimam
979 1301 1018 1348 ao
1041 1281 1228 1348 sollemnem
1252 1299 1325 1348 esse
1347 1282 1468 1362 statuit,

333 1405 417 1469 quae
441 1384 543 1450 rarior
565 1390 661 1450 esset.

318 1516 327 1522 ·
422 1488 532 1552 Pauca
554 1485 715 1552 monenda
737 1494 812 1552 sunt
877 1489 906 1568 a)
935 1487 976 1552 de
999 1487 1161 1552 nominum
1185 1485 1411 1553 declinatione.

422 1593 441 1666 r]
470 1589 628 1673 Diogen.
655 1588 739 1672 sing.
767 1588 861 1655 Corn.
888 1589 934 1670 II,
962 1593 1030 1666 nt
1063 1597 1183 1673 ternpus
1213 1589 1259 1653 ito
1289 1589 1469 1674 quaeritur:

247 1685 249 1688 ’
333 1717 395 1779 quo
418 1693 504 1768 anni,
530 1692 614 1776 [quo
635 1691 747 1776 lora.)
770 1691 1098 1769 coercendorum,
1128 1713 1191 1776 quc
1213 1691 1264 1756 die
1287 1715 1351 1777 qua
1372 1693 1471 1756 noetio

333 1796 413 1860 hora
428 1797 558 1880 sactum
589 1816 654 1859 esec
682 1795 815 1876 dicatur,
848 1795 890 1862 cs.
918 1796 1009 1862 Neue
1031 1796 1067 1860 1²
1090 1815 1165 1881 pag.
1193 1797 1255 1859 375
1272 1813 1343 1879 sqq.
1368 1803 1400 1862 et
1422 1796 1471 1860 in-

334 1897 445 1984 primis
469 1917 545 1983 pag.
573 1902 645 1963 379.
686 1898 827 1965 Kochler
849 1907 912 1966 act.
939 1899 1004 1964 ilrl.
1031 1899 1142 1984 Ipag.
1170 1902 1244 1966 390.

420 2005 442 2086 r)
472 2002 614 2066 Pecicie'
640 2021 712 2086 gen.
746 2002 829 2087 sing.
856 2001 922 2068 Oic.
950 2003 1043 2068 11010.
1069 2003 1141 2068 Am.
1169 2006 1226 2084 45,
1249 2005 1303 2066 131
1339 2025 1469 2088 quoram

334 2107 416 2171 ns'hr'l
432 2106 572 2190 panicii
591 2129 688 2172 conco
710 2105 814 2171 divino
837 2105 979 2184 conscilio,
1011 2107 1068 2171 ocri
1096 2106 1129 2169 11
1156 2107 1228 2190 ipro
1256 2107 1468 2190 1111191111-

331 2211 404 2275 dine
426 2231 532 2274 rerum
551 2212 683 2296 factum
707 2219 874 2293 pommus,
906 2210 962 2276 ubi
986 2210 1125 2294 pernicii
1152 2209 1304 2276 exhibent
1330 2209 1469 2276 editores

331 2313 545 2380 nisimaxime
558 2312 748 2380 auctoritate
760 2312 858 2379 Gellii
878 2315 919 2397 (9,
939 2319 987 2395 14,
1006 2317 1052 2394 19]
1071 2320 1103 2380 et
1115 2313 1211 2378 Nonii
1232 2315 1317 2398 (pag.
1333 2316 1395 2378 486
1408 2313 1464 2394 llll:

330 2417 373 2484 cl.
407 2418 497 2482 Neue
518 2417 555 2481 1²
583 2437 659 2502 pag.
686 2420 748 2482 376
770 2435 819 2498 sq.
850 2424 882 2483 et
910 2414 1055 2502 inprimis
1080 2415 1244 2482 Hellmuth
1271 2424 1333 2482 act.
1361 2415 1468 2481 11111

330 2541 405 2606 pag.
436 2523 508 2584 109.

417 2629 439 2708 o)
466 2627 543 2702 Rea,
569 2643 652 2706 quae
673 2623 783 2690 forma.
798 2623 940 2706 genetivi
962 2623 1137 2705 singularis
1155 2643 1287 2690 munere
1302 2624 1464 2708 fungatur,

329 2727 362 2792 in
379 2725 540 2793 Cornificii
563 2724 756 2792 editionibus
774 2734 809 2791 ut
823 2747 908 2792 nuno
924 2725 1068 2792 seruntur
1083 2746 1146 2791 non
1161 2726 1336 2792 iuvenitur:
1363 2745 1467 2811 neque

329 2828 494 2896 adsentiar
505 2827 675 2908 Sieversio‚
696 2849 768 2894 cum
782 2828 816 2894 in
831 2827 913 2894 Mus.
934 2829 1035 2896 Rhen.
1056 2830 1118 2895 vol.
1134 2829 1277 2896 XXVIII
1290 2850 1322 2915 p.
1339 2834 1402 2895 579
1415 2850 1462 2914 sq.

329 2951 370 2998 ex
392 2931 583 2997 auctoritate
602 2930 722 2998 codicis
738 2929 971 3016 Herbipolitani
994 2951 1063 2996 earn
1080 2931 1303 2998 uindicandam
1320 2933 1468 2998 statuerit

328 3032 496 3100 Cornificio
518 3033 597 3100 locis
619 3034 689 3100 his:
715 3034 758 3113 ΙΙ,
788 3038 836 3116 12,
859 3035 897 3098 18
920 3055 993 3098 num
1016 3034 1133 3118 aliquio
1155 3035 1221 3099 eicco
1243 3035 1293 3100 rei
1313 3035 1464 3100 ortionem

332 3177 365 3185 -
393 3137 516 3218 habeat,
542 3137 597 3202 ubi
620 3137 685 3201 eius
707 3158 758 3200 reo
780 3135 850 3202 cod.
876 3137 910 3216 ln
938 3137 980 3214 II,
1003 3140 1108 3218 1111
1138 3138 1168 3201 cr'
1188 3138 1237 3202 rei
1258 3139 1464 3204 testimoninm

326 3266 392 3308 coac
421 3242 507 3327 quod
527 3249 599 3317 etc,
632 3239 686 3307 ubi
709 3240 775 3304 eius
802 3240 851 3303 rei
877 3239 969 3306 codd.
996 3251 1060 3317 nt,
1088 3241 1345 3320 1111110111,
1378 3243 1463 3325 quod

326 3353 509 3431 corruptum
533 3343 693 3410 videretur
722 3365 762 3412 ex
792 3344 857 3408 eius
879 3367 939 3410 ree.
988 3345 1077 3411 Licet
1106 3346 1191 3412 enim
1219 3345 1312 3412 tertio
1338 3365 1463 3430 quoque

325 3450 395 3515 loco
411 3467 451 3514 ex
467 3447 610 3514 eiusdem
626 3446 746 3514 codicis
762 3447 781 3510 1
798 3445 861 3514 fide
877 3448 986 3532 reponi
1001 3467 1097 3534 posse
1112 3448 1259 3516 videatur
1276 3449 1378 3516 forma
1394 3473 1460 3516 reo:

325 3551 514 3629 1v‚34,45
538 3550 710 3635 aliqnando
732 3551 781 3616 rei
796 3551 944 3634 publicae
965 3551 1104 3616 rationes
1125 3588 1170 3599 -
1192 3551 1307 3616 virtute
1329 3553 1463 3636 optimc-

326 3653 404 3718 ts'um
435 3651 639 3730 revirescent.
678 3654 731 3719 ubi
764 3675 815 3718 res
841 3654 987 3737 publicae
1017 3653 1087 3720 cod.
1117 3655 1154 3722 1.
1189 3677 1240 3719 res
1269 3656 1347 3739 reip.
1381 3657 1456 3738 9²³,

324 3779 408 3840 resp.
423 3755 517 3822 codd.
529 3759 649 3838 oRPp,
664 3764 772 3822 tamen
783 3777 855 3820 cnm
868 3777 908 3823 ne
920 3757 1006 3842 apud
1018 3757 1168 3823 Plautum
1179 3757 1308 3841 quidem
1321 3767 1460 3826 eeteros-

324 3879 386 3944 que
409 3859 506 3944 prisci
530 3859 686 3926 sermonis
708 3867 854 3927 auctores
877 3869 964 3926 certa
988 3860 1082 3926 huius
1105 3859 1227 3928 formae
1250 3847 1460 3947 1111111111-

323 3971 425 4043 stent,
467 3983 530 4029 non
559 3962 669 4030 dubito
698 3963 775 4046 quin
804 3962 883 4030 haec
915 3963 1034 4030 codicis
1064 3964 1083 4027 1
1116 3964 1209 4030 lectio
1238 3985 1279 4032 ex
1308 3985 1460 4050 perversa

323 4067 487 4133 sollemnis
511 4075 605 4134 notae
628 4089 656 4131 r.
669 4090 707 4151 p.
732 4068 995 4154 interpretatione
1019 4068 1174 4154 originem
1194 4068 1338 4136 duxerit:
1364 4069 1459 4136 item-

321 4189 384 4252 que
413 4168 478 4237 illis
506 4170 586 4238 locis
615 4191 752 4238 errorem
785 4172 890 4257 potins
920 4173 989 4239 eius
1018 4173 1203 4256 agnoverim
1234 4173 1288 4257 qui
1317 4171 1457 4240 codicem

321 4272 597 4357 Herbipolitcnum
620 4275 777 4341 exaravit.

1617 659 1620 706 l
