3280 4934
326 418 369 482 ec
766 453 809 464 -
856 415 929 499 [sc]
976 455 1017 464 -

327 613 514 680 ocriiecturis
528 618 715 697 temptatam
729 618 862 710 apparet
876 613 971 678 ctiam
985 633 1024 678 ex
1038 610 1174 678 Stcbaeo
1189 609 1270 696 (flor.
1279 611 1382 677 XXXI
1400 611 1467 696 16),

325 720 380 787 ubi
404 721 436 786 hi
460 741 569 786 versus
592 719 753 803 leguntur:
772 765 774 770 ,

462 837 591 910 Οδδένα
614 833 788 930 θησαυρὸν
812 838 1018 930 καταθήσεαι
1042 839 1142 908 ἔνδον
1152 844 1179 930 ¹)
1203 835 1329 929 ἄμεένω

503 950 627 1029 αἰδοῦς,
649 940 691 1036 ἣν
715 942 856 1035 ἀγαθοῖς
879 942 1029 1035 ἀνδράσι,
1051 945 1173 1035 Κύρνε,
1198 949 1305 1028 δίδως.

326 1077 458 1143 Versum
480 1076 573 1152 1161,
596 1075 719 1162 qualem
743 1075 901 1160 exscripsi,
923 1096 987 1140 non
1009 1081 1095 1141 recte
1113 1076 1175 1160 legi
1194 1081 1334 1161 apparet.
1365 1098 1467 1140 κατα-

324 1179 444 1270 θήσειν
468 1183 551 1248 enim
574 1182 707 1248 formam
729 1184 848 1248 servari
871 1183 993 1248 numeri
1016 1189 1137 1260 vetant,
1165 1184 1226 1248 nisi
1249 1183 1371 1248 inverso
1394 1203 1466 1246 ver-

324 1290 437 1358 borum
467 1290 577 1358 ordine
608 1290 766 1356 scribatur
797 1285 1003 1376 καταθήσειν
1034 1291 1149 1356 παισὶν
1177 1283 1323 1374 ἄμεινον.
1375 1289 1468 1367 Quod

326 1401 352 1465 si
374 1397 426 1476 fit,
448 1397 547 1464 habes
569 1403 643 1464 ante
667 1417 830 1464 caesuram
852 1397 1026 1462 bucolicem
1049 1397 1236 1462 vocabulum
1258 1396 1468 1481 quadrisylla

324 1506 401 1572 bum
423 1506 528 1583 ,ionici
550 1527 570 1570 a
591 1505 713 1570 minori‘
737 1503 839 1569 forma
861 1505 991 1587 insigne,
1014 1505 1099 1587 quod
1117 1503 1158 1569 sb
1176 1511 1246 1570 erte
1264 1503 1468 1586 Theognidea

325 1611 496 1679 abhorrere
513 1613 636 1678 monuit
654 1633 710 1677 nos
724 1610 959 1677 Studemundns
977 1612 1010 1674 in
1029 1610 1144 1676 scholis
1162 1610 1231 1697 (cfr.
1246 1633 1342 1695 supra
1355 1633 1384 1695 p.
1401 1610 1467 1696 75).

325 1717 502 1785 Infinitivus
520 1725 625 1785 eutem
643 1718 699 1784 illc
715 1713 920 1805 καταθήσειν
939 1723 996 1783 eut
1012 1719 1120 1802 inepte
1138 1739 1195 1802 pro
1210 1717 1396 1802 imperativo
1409 1739 1467 1800 po-

326 1828 404 1892 situs
423 1832 479 1890 aut
497 1824 619 1891 librarii
638 1847 745 1891 errore
764 1831 911 1891 exaratus
931 1832 979 1891 cst
996 1847 1053 1910 pro
1072 1820 1292 1911 καταθήσεαιε
1317 1825 1372 1890 ΑΙ
1383 1825 1468 1890 enim

328 1940 360 1998 et
386 1937 422 1998 Ν
441 1933 620 2016 saepissime
647 1933 681 1997 in
709 1931 868 1998 codicibus
895 1939 1121 2016 permutantur.
1170 1932 1292 1998 Deinde
1315 1929 1469 1997 αἰτοῦσιν

326 2038 405 2105 illud
428 2040 461 2104 in
486 2062 510 2106 v.
533 2040 617 2105 1162
639 2047 695 2104 eut
718 2060 781 2104 non
799 2045 883 2104 recte
902 2061 922 2104 a
938 2039 1071 2104 librario
1093 2039 1257 2124 legebatur
1275 2059 1332 2123 pro
1352 2036 1469 2116 αἰδοῦς

326 2135 368 2234 ήν
392 2137 471 2234 (ήί)
491 2197 497 2211 .
518 2195 552 2224 .,
583 2153 639 2212 ant
667 2147 729 2211 iam
752 2153 820 2211 tum
848 2143 945 2211 verba
976 2145 1033 2211 ifle
1060 2152 1209 2231 ccmupta
1235 2146 1268 2211 in
1295 2145 1468 2229 archetypo

326 2251 501 2318 exstabant.
555 2252 621 2319 Nec
651 2251 721 2318 fieri
753 2255 867 2336 potuit,
898 2254 973 2338 quin
1006 2251 1143 2330 hbrarii,
1174 2275 1244 2318 cum
1276 2253 1468 2337 pentametri

327 2359 451 2425 initium
476 2363 629 2426 incertum
653 2361 857 2437 invenissent,
880 2362 945 2426 sive
969 2358 1083 2437 αἰδοῦς
1105 2351 1147 2446 ήν
1231 2360 1378 2444 legebant
1402 2360 1469 2425 sive

326 2465 440 2544 αἰδοῦς
462 2459 517 2554 ἥτ’
537 2517 606 2544 ...,
634 2469 730 2533 etiam
752 2488 860 2534 sersus
883 2468 1001 2533 exitum
1025 2467 1192 2534 variarent.
1239 2466 1315 2532 Inde
1339 2467 1469 2550 quidem

325 2573 495 2640 lectionum
522 2575 735 2658 discrepantia
765 2581 836 2640 crta
863 2573 987 2640 videtur
1019 2595 1087 2639 esse
1118 2574 1150 2638 in
1183 2573 1245 2640 fine
1275 2575 1469 2659 pentametri

325 2681 489 2764 utriusque
526 2677 781 2746 δίδου-ἔνετοι.
846 2681 1022 2765 Utrumque
1065 2685 1171 2747 autem
1206 2682 1364 2748 distichon
1395 2702 1470 2747 cum

325 2808 427 2870 neque
460 2787 493 2853 in
521 2787 713 2872 Theognidis
746 2786 906 2854 codicibus
939 2809 1040 2871 neque
1072 2789 1157 2871 apud
1184 2786 1354 2853 Stcbaeum
1381 2793 1469 2854 recte

325 2893 478 2959 traditum
505 2895 680 2972 videretur,
712 2895 904 2980 Bergkius2)
935 2897 1103 2979 genunium
1134 2899 1246 2979 poetae
1279 2895 1470 2959 sententiam

324 3001 510 3069 lectionibus
538 3003 602 3068 illis
629 3002 803 3068 coniunctis
831 3009 1009 3068 restaurare
1037 3002 1171 3079 studuit,
1202 3023 1273 3067 curn
1300 3001 1469 3068 scriberet:

462 3118 590 3200 Οὐδένα
612 3118 788 3213 θησαυρὸν
810 3123 1018 3214 καταθήσεαι
1040 3129 1156 3192 παισὶν
1181 3119 1306 3211 cipetum

506 3231 629 3314 αἰδοῦς,
652 3225 694 3320 ήν
717 3225 747 3297 τ’
761 3227 902 3318 ἀγαθοῖς
926 3227 1076 3320 ἀνδράσι,
1100 3229 1221 3320 Κύρνε,
1245 3233 1353 3310 δίδως.

324 3340 387 3407 Sed
418 3347 548 3425 propter
580 3341 665 3424 leges
697 3342 856 3418 metricas,
888 3362 965 3424 ques
992 3340 1149 3426 Theognis
1176 3342 1208 3405 in
1240 3339 1320 3425 pede
1352 3347 1470 3423 quarto

415 3503 434 3567 ¹)
453 3501 529 3569 Quod
557 3501 630 3570 apud
658 3501 804 3556 Stobaenm
834 3500 934 3570 legitur
962 3493 1051 3567 ἔνδον,
1079 3499 1107 3554 in
1135 3499 1302 3568 Theognidis
1325 3498 1471 3557 codicibus

325 3589 430 3655 noculo,
451 3589 501 3645 hcc
521 3603 555 3644 ex
573 3590 739 3659 glossemate
758 3590 794 3645 sd
809 3606 901 3644 vocem
922 3581 1003 3644 ἔνδον
1017 3589 1045 3644 id
1061 3596 1103 3644 est
1122 3589 1212 3654 ‚domi'
1231 3589 1273 3644 vel
1294 3587 1375 3653 ‚domi
1392 3592 1470 3647 tuse'

325 3679 464 3748 adscripto
488 3680 597 3735 videtur
624 3686 713 3734 crtum
741 3694 810 3734 esse.
856 3679 931 3748 Quae
955 3695 1006 3732 vox
1031 3671 1112 3733 ἔνδον
1134 3677 1208 3747 apud
1231 3677 1379 3732 Homerum
1404 3695 1470 3735 eam

325 3766 698 3846 maximasigniflcationem
726 3768 823 3833 habet,
851 3774 882 3822 nt
909 3767 981 3823 idem
1005 3767 1097 3823 valeat
1119 3775 1202 3836 etque
1225 3765 1340 3822 latinum
1364 3765 1471 3837 ,intus',

325 3855 374 3910 cir.
394 3855 445 3911 cd.
466 3859 511 3923 16,
531 3858 591 3912 202.
611 3859 676 3924 3013
696 3856 775 3913 Iliad,
795 3859 836 3924 10,
856 3858 909 3912 318
923 3862 974 3911 etc.
1012 3855 1173 3926 Significsrc
1192 3861 1284 3910 autem
1303 3854 1472 3912 vocabulum

325 3936 407 3999 ἔνδον
429 3943 502 4000 idem
526 3945 598 4015 quod
622 3946 736 4001 latinum
760 3945 858 4012 ‚domi’,
883 3962 952 4001 unus
977 3945 1084 4014 quidem
1109 3944 1222 4001 Homeri
1245 3944 1320 3999 locus
1343 3943 1472 4003 dilucide

325 4033 500 4090 demonstrat.
539 4033 654 4104 Legitur
672 4035 744 4090 enim
764 4034 792 4089 in
811 4035 862 4090 Od.
880 4035 923 4100 22,
944 4034 995 4089 140
1014 4051 1066 4104 sq.:

535 4119 596 4178 ἀλλ’
615 4117 698 4195 ἄγεθ’
719 4118 784 4192 ὑμῖν
801 4118 892 4194 τεύχε’
913 4119 1015 4178 docimo
1034 4125 1222 4194 θωρηχθῆναι

537 4210 571 4268 ἐκ
589 4209 735 4282 θαλιὶμουΙ
758 4207 857 4269 ἔνδον
875 4207 939 4284 γάρ,
959 4207 1063 4281 δέομαι,
1084 4207 1149 4266 οὐδέ
1168 4230 1207 4282 πῃ
1225 4205 1294 4282 01th

536 4297 638 4372 τεύχεα
657 4301 825 4373 κατθέσθην
843 4299 968 4367 Ὀδυσεὺς
987 4304 1045 4356 κτλ.

325 4391 383 4447 Ηοο
402 4392 462 4447 ioco
482 4385 563 4446 ἔνδον
581 4399 677 4462 aperte
697 4391 846 4462 significat:
867 4388 899 4448 έν
916 4395 957 4466 τῷ
977 4385 1105 4464 θαλάμῳ.

413 4481 434 4550 ·)
453 4481 545 4537 rust.
565 4499 590 4552 p.
611 4482 671 4538 555.
