3280 4934
611 441 653 452 -
700 403 773 488 [st]
820 443 860 454 -
1267 408 1310 472 33

167 597 274 672 buerit,
297 603 333 661 nt
355 601 463 680 potito,
486 619 557 662 cum
579 619 699 664 summu
722 599 820 664 animi
842 601 956 666 ardore
980 601 1116 684 Cyrnum
1138 603 1310 681 adamaret,

168 703 264 766 etiam
287 701 458 770 libidinose
480 705 521 769 nd
545 703 629 771 hunc
651 713 852 790 componeret
870 708 1023 786 carmimn
1046 729 1105 774 nec
1127 731 1216 776 secus
1233 711 1310 776 Pin·

168 809 280 874 dnrnm
301 808 462 876 Theoxcni
485 832 593 878 amore
614 813 775 878 incensum
798 835 832 879 ss
850 815 947 881 veluti
965 836 1069 880 cerem
1086 815 1311 899 liquescentcm

169 912 278 979 fecisse
322 915 356 978 in
402 917 601 984 carminibus.
674 919 762 998 Quae
803 922 946 1006 quamuis
985 925 1071 988 recte
1112 922 1199 988 diets
1238 925 1311 1002 sint,

170 1023 274 1086 tumen
300 1043 369 1088 cum
399 1024 546 1092 universe
572 1025 747 1109 antiquitus
770 1027 810 1092 dc
832 1027 986 1094 eiusmodi
1009 1029 1186 1096 libidinosis
1209 1031 1311 1098 Theo-

169 1126 272 1211 gnidis
299 1131 464 1198 sententiis
491 1155 554 1200 non
587 1133 687 1199 solum
719 1139 825 1198 taccat
851 1135 908 1200 sed
935 1133 1073 1202 affirmet
1100 1139 1196 1204 etium
1223 1139 1312 1206 nulls

168 1233 260 1301 huius
282 1239 407 1320 generis
431 1240 463 1304 in
486 1241 553 1305 eius
576 1239 717 1306 versibus
740 1239 880 1319 infuisse,
904 1263 1011 1308 eorum
1034 1265 1115 1327 quse
1139 1246 1172 1309 in
1194 1247 1311 1312 nostris

167 1342 403 1412 collectionibus
438 1346 588 1431 leguntur
624 1347 797 1414 car-minum
833 1350 1058 1416 umutoricrum
1095 1349 1310 1436 Theognidem

166 1449 262 1516 luisse
284 1459 446 1520 auctorem
468 1455 520 1519 vix
544 1461 592 1521 cst
614 1454 788 1540 probabile.

690 1782 780 1864 Vll.

253 1987 387 2073 Singula
414 2010 509 2073 porro
542 1988 720 2072 fragmenta
746 2009 806 2055 cnr
838 1985 876 2054 iri
900 2011 970 2054 eum
998 2010 1061 2072 quo
1088 1990 1121 2053 in
1149 1988 1310 2056 codicibus

165 2097 338 2172 truduntur
357 2095 500 2162 ordinem
518 2095 643 2180 digestu
661 2100 775 2173 essent,
797 2096 934 2162 multum
952 2117 990 2162 ac
1008 2096 1062 2161 diu
1082 2096 1235 2178 quaesivi,
1253 2097 1310 2161 sed

165 2203 288 2268 nullum
305 2203 372 2270 fero
391 2204 465 2269 inde
482 2202 621 2268 fructum
644 2204 780 2288 percepi.
816 2203 1036 2269 Perscrutatns
1060 2203 1142 2268 enim
1164 2223 1235 2267 sum
1257 2223 1311 2268 eos

165 2309 263 2385 locos,
290 2311 323 2374 in
350 2310 465 2393 quibus
493 2309 628 2376 maxims
654 2310 789 2376 aliorum
818 2311 984 2394 poetarum
1007 2309 1184 2393 fragmenta
1206 2307 1310 2375 'ibeo-

144 2415 288 2499 'gnideis
310 2417 454 2482 admixta
476 2437 543 2482 esse
566 2421 740 2494 constaret,
763 2419 790 2483 si
814 2417 888 2502 quid
912 2416 995 2481 forte
1019 2437 1057 2480 cx
1080 2415 1125 2480 eis
1147 2415 1191 2479 sd
1212 2416 1311 2480 totius

166 2523 241 2587 libri
255 2524 515 2607 compositionem
528 2528 637 2606 posset
651 2523 849 2607 investigeri3
867 2543 975 2589 verum
989 2543 1060 2588 cum
1073 2522 1107 2588 in
1121 2519 1311 2604 quibusdem

165 2630 319 2696 eiusmodi
351 2630 427 2695 locis
459 2631 615 2694 rationem
646 2630 786 2714 aliquem
818 2651 874 2694 cur
906 2629 1026 2695 inserte
1057 2634 1162 2694 essent
1192 2633 1310 2712 certum

164 2737 320 2802 invenisse
351 2735 429 2800 mihi
456 2735 594 2812 viderer,
626 2735 705 2802 ulios
732 2757 861 2820 prorsus
892 2757 1020 2819 operam
1047 2755 1149 2802 meam
1181 2735 1311 2800 elusisse

164 2842 264 2908 libere
286 2841 445 2927 profiteor.

253 2949 309 3015 llis
336 2955 441 3016 sutem
469 2949 666 3033 potissimum
690 2949 765 3015 locis
789 2949 923 3016 aliorum
945 2952 1111 3033 potiturum
1133 2947 1312 3032 fragmento

165 3055 286 3124 inserte
308 3077 376 3123 esse
399 3055 597 3131 crediderim,
621 3055 674 3120 ubi
699 3057 737 3134 ei,
760 3055 814 3140 qui
836 3057 1049 3134 inseruerunt,
1072 3075 1144 3121 cum
1166 3054 1310 3138 genuinis

164 3164 357 3249 Theognidis
385 3163 553 3230 sententiis
580 3163 700 3228 similes
722 3163 804 3228 nlius
826 3163 990 3228 cuiusdam
1011 3184 1113 3246 neque
1136 3161 1239 3226 minus
1262 3161 1310 3226 in·

165 3271 263 3356 signis
285 3272 398 3355 politae
416 3269 554 3336 conferri
572 3269 737 3336 voluerint.
784 3269 880 3336 Cuius
902 3272 949 3335 rei
973 3269 1115 3353 exempla
1138 3289 1176 3333 cn
1194 3267 1309 3350 depro-

165 3399 286 3444 memus
312 3377 504 3461 fragments,
536 3398 669 3462 quorum
698 3376 793 3444 certis
820 3377 1009 3443 testimoniis
1035 3376 1179 3442 norimus
1206 3373 1309 3441 Theo·

164 3485 293 3568 guidem
329 3505 393 3549 non
429 3483 525 3550 fuisse
561 3489 730 3550 auctorem.
797 3483 901 3549 Multa
936 3485 1021 3549 enim
1055 3485 1089 3548 in
1126 3481 1310 3565 fragmentis

164 3591 376 3676 Theognideis
403 3591 519 3667 inesse,
547 3611 627 3675 quse
654 3589 728 3656 huic
753 3592 866 3674 polites
892 3589 1104 3656 abiudicnuds
1130 3587 1207 3663 siut,
1238 3607 1310 3652 cnm

165 3700 249 3765 inter
275 3699 358 3764 viros
384 3697 495 3764 domos
526 3703 658 3775 constet,
668 3699 694 3784 ¹)
726 3704 846 3774 tumen,
877 3699 928 3764 cui
955 3697 1102 3782 quodque
1128 3697 1242 3779 politus
1268 3694 1310 3760 sit

130 3859 133 3864 .
165 3804 397 3881 vindicandum,
419 3823 482 3869 non
506 3825 631 3888 semper
654 3809 775 3870 certum
797 3802 865 3870 fieri
888 3810 993 3889 potest
1015 3803 1175 3870 iudicium

254 3911 360 3978 Veluti
383 3911 526 3977 versibus
549 3911 725 3977 319-322
748 3931 768 3976 s
791 3911 972 3996 Theognide
994 3910 1131 3976 conditis
1158 3913 1310 3993 quattuor

88 4067 100 4075 -
165 4041 273 4087 versus
291 4019 476 4096 ulo-318,
498 4039 577 4103 quos
600 4017 723 4086 Solonis
746 4039 813 4084 esse
836 4024 960 4085 constet
983 4017 1053 4103 (cfr.
1072 4016 1245 4101 Bergkium
1267 4015 1308 4082 ud

166 4125 289 4194 Solonis
312 4126 389 4211 eleg.
408 4125 523 4210 fragm.
548 4125 631 4212 XV),
652 4127 724 4192 ideo
747 4133 823 4192 sunt
844 4125 1021 4209 praemissi,
1048 4125 1134 4208 quod
1156 4125 1189 4190 in
1212 4123 1309 4188 simili

171 4289 354 4298 -—-·--·>-.-
366 4293 371 4296 .

256 4377 276 4442 ¹)
295 4375 355 4444 Qun
376 4374 411 4430 de
434 4389 465 4430 rs
488 4374 537 4432 clu.
556 4374 706 4447 praecipue
726 4373 840 4444 Bergkii
859 4343 921 4429 ndu.
941 4373 1065 4429 criticum
1084 4375 1120 4428 ad
1139 4353 1262 4442 Theogn.
1281 4379 1310 4428 st

167 4481 189 4519 v.
210 4463 234 4519 d.
255 4463 365 4534 Meynm
384 4463 413 4518 in
432 4479 493 4532 cop.
512 4465 563 4534 lV;
583 4463 631 4519 cfr.
652 4463 735 4519 etium
755 4462 930 4519 Rintelenum
951 4479 977 4533 p.
997 4465 1032 4518 48
1050 4479 1110 4531 sqq.

1131 4555 1147 4606 o
