3272 4920
606 455 649 464 -
696 419 781 500 1111]
829 453 872 464 -
1251 419 1309 482 111

172 607 331 692 praesenti
361 607 461 674 aetati
483 606 621 690 gratiam
651 606 763 688 habet,
796 605 881 688 quod
904 625 955 674 res
977 611 1079 672 mutet
1100 606 1311 690 melioresque

173 707 285 795 reddat
302 711 342 793 (μ.
354 712 445 774 44911
462 707 500 774 τὸ
516 708 579 792 μὲν
595 701 806 795 εὐχαριστεῖν
821 715 867 793 τῷ
882 705 1129 791 μεταβάλλοντι
1144 706 1185 773 τά
1201 705 1312 794 πράχ-

173 834 262 893 ματα
284 808 425 897 χρόνῳ1;
459 831 499 878 11
527 811 686 896 capitibus
709 813 725 876 1
748 813 834 878 1111
863 811 1151 896 comprehenditur.
1199 813 1311 880 Altera

173 914 199 980 ei
223 915 406 998 laudantur,
440 913 495 997 qui
524 913 635 982 dedita
665 935 762 1000 opera
790 913 824 980 in
846 915 969 982 litteras
1000 914 1169 998 studiaque
1196 914 1313 981 huma-

171 1016 260 1082 niora
282 1017 469 1084 incumbant
493 1018 536 1103 (p.
555 1021 646 1084 44911
670 1015 707 1083 τὸ
731 1014 810 1095 τοὺς
832 1016 874 1082 τὰ
896 1017 1059 1104 κράτιστα
1082 1013 1313 1104 προαιρουμέ-

172 1143 250 1197 νους
273 1118 457 1205 ἐπαινεῖν);
484 1121 565 1188 haee
586 1121 694 1188 finitur
715 1143 748 1207 p.
767 1126 856 1188 4191.
900 1122 1010 1188 Tertia
1031 1129 1162 1207 propter
1184 1123 1311 1189 lelieem

171 1224 371 1307 celeremque
400 1244 545 1290 verorum
579 1224 753 1291 studiorum
782 1244 987 1310 progressum
1020 1245 1110 1309 spem
1145 1224 1312 1310 profitetur

172 1325 239 1393 iore
255 1333 290 1393 ut
304 1327 426 1394 Asiana
447 1328 506 1394 illa
520 1328 702 1412 eloquentia
724 1349 786 1394 non
802 1328 920 1394 diutius
935 1347 1030 1411 quam
1053 1348 1150 1394 unam
1173 1335 1312 1395 aetatem

173 1430 265 1496 duret
292 1431 333 1516 (p.
349 1435 442 1496 44911
465 1426 502 1496 τὸ
527 1427 568 1496 τὰ
590 1433 758 1514 μέλλοντα
782 1429 817 1496 ἐκ
840 1438 907 1497 τών
927 1428 1117 1516 γεγονότων
1135 1428 1309 1513 εἰκάζειν).

172 1533 289 1600 Peneis
320 1535 458 1601 absolvit
488 1534 570 1600 hane
593 1543 717 1620 partem
746 1556 778 1619 p.
798 1538 934 1602 4491-11.
981 1536 1089 1602 Verba
1114 1534 1213 1620 igitar
1235 1533 1313 1614 τοὺς

176 1639 521 1724 συμφιλοσοφοῦντας
551 1632 768 1724 ἀνθρώπους,
799 1638 827 1705 si
857 1638 986 1722 quidem
1015 1639 1157 1724 genuina
1190 1645 1309 1719 essent,

174 1741 208 1806 in
238 1741 342 1807 altera
375 1748 466 1826 parte
499 1748 627 1809 exstare
660 1742 747 1808 omni
780 1742 874 1808 modo
906 1741 1084 1808 debebant:
1120 1761 1205 1808 nune
1237 1764 1314 1810 vero

172 1845 240 1930 ipse
264 1845 353 1910 loeus
375 1865 437 1929 quo
460 1846 611 1928 leguntur
633 1845 743 1930 spuria
765 1865 899 1912 eaesae
922 1847 1038 1929 arguit.
1086 1846 1177 1911 Idem
1198 1847 1314 1933 eapitis

173 1947 306 2014 secundi
329 1947 469 2013 ineuntis
492 1948 728 2014 enuntiatorum
757 1949 838 2013 ratio
861 1950 991 2034 probat:
1023 1968 1107 2014 vern.
1130 1973 1155 2014 11
1186 1942 1203 2013 ὁ
1228 1945 1311 2014 καθ’

174 2043 259 2137 ἡμᾶς
280 2047 403 2136 χρόνος
428 2100 435 2113 .
457 2101 463 2113 .
486 2099 493 2114 .
520 2045 674 2116 ἀντέδωκε
698 2057 737 2136 τῇ
759 2051 822 2133 μὲν
845 2045 970 2137 ἀρχαίᾳ
1000 2052 1056 2115 καὶ
1080 2049 1232 2138 σώφρονι
1254 2053 1314 2140 ρη-

173 2159 287 2238 τορικῇ
311 2149 372 2239 τὴν
394 2152 529 2218 δικαίαν
551 2151 651 2240 τιμην
672 2150 715 2240 ἣν
736 2154 793 2217 καὶ
814 2151 984 2239 πρότερον
1003 2147 1074 2235 εἶχε
1095 2155 1203 2230 καλῶς
1227 2147 1315 2220 ἀπο-

172 2258 305 2338 λαβεῖν·
332 2262 370 2341 τῇ
394 2255 430 2320 cll
452 2261 514 2341 νέᾳ
537 2257 594 2320 καὶ
617 2250 749 2343 ἀνοήτῳ
771 2255 979 2321 παύσασθαι
1001 2253 1106 2334 δόξαν
1128 2251 1169 2322 οά
1183 2255 1315 2345 προσή-

172 2381 300 2426 κουσαν
328 2363 547 2444 καρπουμένῃ
579 2359 636 2424 καὶ
667 2357 703 2426 ἐν
738 2354 929 2446 ἀλλοτρίοις
963 2353 1110 2445 ἀγαθοῖς
1139 2358 1310 2446 τρυφώσῃ.

172 2465 229 2530 καὶ
259 2458 299 2530 οά
328 2456 414 2528 καθ’
446 2463 483 2528 ἓν
510 2461 593 2539 ἰ’σως
623 2470 721 2528 τοῦτο
751 2460 858 2546 μόνον
887 2460 1042 2529 ἐπαινεῖν
1069 2461 1130 2529 τὸν
1155 2461 1313 2549 παρόντα

171 2564 296 2652 χρόνον
321 2615 355 2630 ..
379 2616 385 2628 .
412 2561 518 2644 ἀξιον.
565 2565 654 2631 Nihil
676 2585 773 2651 pesse
796 2565 925 2632 omnino
955 2572 1122 2652 praeterea
1143 2566 1219 2633 addi
1243 2575 1309 2652 aut,

172 2669 201 2736 ei
231 2669 308 2752 quid
341 2668 402 2736 hoe
434 2671 505 2735 loeo
534 2668 688 2751 addatur,
722 2675 790 2734 tum
819 2669 927 2754 priore
955 2689 1080 2753 quoque
1107 2667 1313 2735 adiciendum

172 2772 278 2856 quivis
301 2772 414 2857 opinor
436 2772 532 2838 tuelle
555 2769 720 2838 concedet.
760 2772 928 2837 Tollamun
950 2772 1049 2856 igitur
1070 2773 1238 2838 verborum
1253 2769 1314 2837 τὸν

172 2872 328 2960 παρόντα
351 2871 475 2961 χρόνον
495 2874 641 2960 ineptum
663 2875 981 2961 interpretamentum
1004 2871 1082 2951 τοὺς
1103 2876 1314 2962 συμφιλοσο-

96 2980 97 2983 ’
174 2984 325 3064 φοῦντας
348 2971 567 3062 ἀνθρώπους.
616 2978 684 3041 Καὶ
705 2983 813 3043 eutem
843 2978 1012 3062 particula,
1044 2985 1080 3043 nt
1105 2979 1171 3045 1111
1194 2979 1239 3062 fit,
1272 2979 1313 3044 ab

172 3101 222 3160 eo,
248 3081 302 3164 qui
324 3081 383 3146 illa
405 3081 503 3147 verba
524 3081 557 3144 in
581 3087 703 3146 textum
725 3081 858 3166 recepit,
885 3079 996 3146 addita
1017 3089 1077 3146 est.

171 3293 287 3373 γραφῇ
310 3284 441 3373 πολλὴν
465 3283 603 3374 ζήτησιν
625 3280 736 3352 αάτών
758 3283 1000 3374 ποιησάμενος.
1040 3279 1081 3350 οά
1102 3284 1165 3367 μὲν
1182 3281 1222 3371 δὴ
1239 3285 1314 3350 δια-

171 3393 379 3472 βεβαιοῦμαί
400 3413 437 3474 γε
460 3383 504 3466 ὡς
527 3386 566 3476 δὴ
589 3390 647 3454 καὶ
670 3396 788 3476 σαφῶς
811 3385 918 3465 εἰδώς.
965 3386 1046 3452 Μὲν
1073 3384 1113 3473 δή
1141 3407 1205 3452 non
1228 3395 1314 3455 11111

172 3493 308 3576 legitnr3
343 3513 418 3558 nam
441 3500 664 3579 praeterquam
693 3493 779 3576 quod
808 3492 927 3558 loeutio
956 3489 1020 3574 μὲν
1048 3489 1087 3577 δὴ
1113 3527 1151 3539 -
1176 3515 1212 3575 χε
1234 3511 1315 3558 nne-

171 3616 269 3679 quam
292 3595 355 3662 nisi
377 3596 439 3663 1111
461 3616 525 3662 uno
546 3597 618 3664 loeo
640 3595 788 3678 occurrit,
814 3616 878 3662 non
900 3602 967 3661 tam
990 3594 1196 3662 consecutiva
1217 3615 1313 3678 qnam

170 3698 390 3782 restringendi
412 3699 574 3766 notionem
592 3699 759 3766 continens
774 3699 935 3784 particula
949 3697 1161 3764 desideretur.
1201 3697 1314 3780 Itaque

173 3801 298 3869 scribo:
332 3795 374 3867 οά
394 3806 543 3886 μέντοι
572 3802 836 3885 διαβεβαιοῦμαί
858 3825 894 3887 με
918 3795 961 3878 ala
985 3799 1024 3885 δὴ
1046 3801 1104 3865 καὶ
1127 3807 1245 3887 σαφῶς
1267 3799 1316 3864 εἰ·

172 3903 248 3986 δὼς,
275 3905 314 3971 11.
341 3927 374 3990 p.
394 3908 472 3972 4641
496 3899 536 3972 οά
558 3909 676 3988 μέντοι
697 3906 961 3987 διαβεβαιοῦμαί
988 3926 1025 3988 γε
1048 3896 1214 3989 ὁπότερος
1237 3891 1315 3990 ἦρξε

172 4015 233 4095 τῆς
267 4002 387 4094 ἀρετῆς
416 4005 539 4096 ταύτης
562 4006 648 4073 κατὰ
677 4007 715 4074 τὸ
745 4003 871 4093 παρόν.
917 4007 994 4072 Alia
1022 4005 1118 4072 111111
1146 4006 1315 4072 locutionis

172 4113 324 4196 exempla
345 4111 446 4178 habes
469 4111 567 4178 haee:
597 4133 631 4197 p.
654 4115 729 4178 1961
752 4106 792 4177 οὐ
814 4114 931 4194 μέντοι
961 4107 1126 4195 προσήκει
1154 4102 1188 4193 χ’
1213 4107 1316 4191 ἔμμε-

171 4237 255 4300 τρον
270 4209 343 4280 οὐδ’
362 4215 537 4301 ἔρρυθμον
553 4209 659 4302 αὐτὴν
681 4209 769 4281 εἶναι
787 4214 910 4279 δοκεῖν.
947 4215 1023 4278 5841
1041 4207 1081 4278 οά
1094 4215 1211 4294 μέντοι
1226 4233 1316 4278 παν-

173 4315 306 4382 τάπασί
328 4341 364 4403 χε
388 4316 449 4404 τὴν
459 4313 686 4403 Ἰσοκράτειον
700 4311 834 4404 ἀγωγὴν
850 4314 1040 4401 ἐκβέβηκεν.
1081 4317 1158 4380 men
1182 4308 1222 4380 οά
1235 4319 1317 4397 μέν·

554 4451 556 4456 “
1075 4437 1105 4487 12
