3304 4928
616 454 659 462 -
706 415 801 500 [rsa]
849 455 890 464 -
1294 417 1335 480 39

187 611 375 695 elegantiam
394 609 674 694 proceleusmatico
694 609 831 687 exhibet,
854 611 939 695 quod
957 610 1119 678 Dawosius
1130 612 1155 698 ¹)
1175 613 1208 675 iu
1227 611 1335 694 διαμι-

188 712 324 802 νύρεται
343 719 481 782 correxit
504 720 526 804 ).

203 875 206 880 .
275 845 302 888 v.
329 822 391 889 125
421 824 549 908 δοκίμῳ
558 825 586 910 ³)
614 830 647 888 et
670 845 696 888 v.
724 823 785 887 179
809 829 907 905 κοινῇ
916 823 945 909 ⁴)
975 829 1086 888 contra
1112 823 1223 890 scholii
1246 825 1334 889 tosti-

185 930 325 994 mouinm
348 930 465 1012 legitur
488 934 521 995 et
543 930 576 994 in
599 930 640 993 R⁰
664 935 696 994 et
718 930 803 1014 apud
828 928 966 994 Suidam.

275 1057 301 1101 v.
323 1036 387 1101 868
411 1037 443 1100 τί
467 1023 530 1102 οὖν
554 1031 603 1100 ἔτι
626 1041 673 1118 ζῶ
698 1037 750 1122 (ζῆ
770 1035 806 1121 S)
830 1042 900 1100 τῶν
923 1030 1083 1120 κοράκων
1106 1038 1268 1124 πονηρίᾳ;

185 1141 264 1206 Rot
277 1140 391 1208 Suidae
411 1144 516 1226 inepte
531 1142 725 1208 Mnesilocho
745 1142 939 1218 continuant,
958 1144 1044 1207 cuius
1063 1149 1186 1226 partem
1200 1143 1334 1208 alteram

185 1253 256 1312 τῶν
285 1244 445 1332 κοράκων
476 1250 623 1336 πονηρίᾳ
655 1248 779 1313 mulieri
811 1269 879 1314 esse
912 1248 1112 1314 tribuendam
1146 1271 1183 1314 ox
1215 1249 1334 1315 scholio

185 1360 320 1437 apparet
342 1357 566 1439 perspexitque
589 1355 761 1421 Bentleius.

159 1527 172 1550 Ι
274 1482 300 1524 v.
321 1460 385 1525 772
407 1461 539 1526 ultimus
561 1483 617 1545 pes
640 1461 777 1526 trimetri
800 1460 928 1526 iambici
952 1455 1116 1526 acatalecti
1139 1463 1229 1528 deest
1247 1462 1282 1526 Ri
1302 1468 1334 1526 et

185 1565 311 1632 Suidae.
557 1567 564 1580 '

273 1672 351 1738 Post
376 1695 404 1738 v.
432 1673 494 1739 129
527 1672 780 1757 paropigraphen
808 1673 938 1738 exhibet
965 1665 1134 1755 όλολύζεις
1160 1672 1269 1758 γέρων
1296 1673 1333 1750 R,

185 1772 337 1861 όλολύςει
361 1771 380 1844 ὃ
404 1778 512 1864 γέρων
536 1780 652 1845 rectius
676 1778 706 1855 S,
730 1801 824 1863 qnam
846 1779 901 1843 uix
923 1779 1132 1864 probabiliter
1156 1781 1188 1844 in
1212 1786 1334 1846 textum

184 1887 305 1971 recepit
328 1885 529 1951 Fritnschins

273 1993 332 2057 His
355 1999 533 2076 opponatur
555 2013 619 2056 non
636 1991 804 2057 mediocris
827 1991 1079 2058 differentiarum
1101 1995 1184 2058 inter
1203 1992 1333 2058 Snidam

185 2105 217 2164 et
240 2100 302 2162 R⁰¹¹²
327 2098 425 2182 copia
471 2100 576 2183 Atque
599 2103 635 2161 ut
661 2103 795 2174 taccam,
823 2097 879 2162 ubi
906 2098 1022 2163 leniter
1049 2099 1082 2163 in
1106 2100 1146 2163 R⁰
1169 2105 1334 2182 peccatum

185 2205 240 2281 sit,
268 2203 383 2270 Suidas
410 2226 486 2270 uero
513 2204 683 2288 genuinam
710 2205 900 2288 scripturam
927 2205 1096 2269 retinuerit
1104 2207 1145 2288 ⁵),
1177 2206 1333 2288 grauioris

184 2313 335 2376 momenti
371 2311 432 2376 hae
469 2311 578 2376 uariae
615 2312 790 2395 scripturae
828 2333 895 2376 csse
927 2310 1120 2375 uidebuntur
1129 2312 1165 2394 ⁶).
1220 2311 1332 2394 Itaque

135 2461 137 2464 -
183 2416 338 2501 praebent
360 2419 393 2480 in
417 2439 476 2483 vn:

443 2523 464 2589 S
1039 2523 1067 2587 R

206 2629 250 2693 42
272 2633 501 2713 μελοποιῶν
888 2633 1091 2713 μελοποιῶν
1114 2636 1142 2708 †,

206 2735 249 2799 53
274 2728 428 2818 ἆψίὁαςε,
440 2735 479 2818 gl.
496 2731 637 2820 Δρύοχοι
652 2743 684 2800 ot

299 2863 341 2906 vs.
363 2843 402 2924 gl.
429 2837 596 2921 Χιανεύει,

274 2938 451 3031 teroem)
470 2947 544 3031 agl.
560 2949 682 3012 Λαικο·

319 3049 398 3140 στής

259 3215 277 3282 ¹)
296 3211 415 3268 Miscell.
437 3209 502 3266 erit.
523 3228 567 3280 pg.
587 3211 648 3266 963.

257 3301 276 3365 ’1
296 3299 454 3356 Meinckins
474 3299 574 3354 Vindd.
594 3299 735 3368 Aristoph.
755 3317 799 3370 pg.
820 3303 872 3355 176
892 3297 923 3369 δὴ
943 3301 1116 3368 pervolgatas
1137 3298 1288 3368 proposuit.

256 3390 277 3455 ⁸)
296 3387 454 3443 Dindorfius
474 3382 592 3455 δόκιμον
611 3403 645 3442 ex
665 3388 776 3443 scholio.
838 3383 842 3399 ¹

256 3479 277 3544 ι)
296 3477 406 3532 Bisetns
426 3481 509 3544 καινῇ
529 3492 562 3530 ex
582 3475 695 3531 scholio.

256 3567 277 3633 ⁶)
296 3567 374 3620 uelut
398 3583 439 3619 vv.
463 3569 479 3619 2
507 3567 556 3620 159
580 3567 633 3620 515
651 3568 702 3620 661
727 3567 779 3621 948
803 3573 851 3621 ant
879 3565 965 3620 uerba
992 3581 1046 3618 nno
1074 3567 1158 3619 ductu
1186 3579 1331 3632 perperam

185 3655 213 3709 in
233 3656 269 3709 ne
288 3660 405 3708 exarata
424 3654 499 3722 apud
517 3652 628 3708 Suidom
649 3653 814 3709 dirimuntur
832 3662 881 3709 ant
900 3654 986 3708 uerba
1005 3653 1075 3708 salso
1094 3653 1121 3706 in
1142 3653 1179 3707 R0
1194 3651 1332 3721 dirempta

184 3744 258 3813 opud
281 3742 393 3798 Suidam
418 3743 629 3809 contrabuntur;
658 3759 699 3796 vv.
720 3745 754 3798 36
779 3746 831 3798 180
857 3745 909 3798 263
932 3745 984 3796 383
1007 3747 1139 3796 accentus
1163 3746 1238 3794 recte
1257 3741 1331 3810 apud

185 3831 296 3888 Snidam
320 3830 390 3902 picti
414 3836 489 3898 sunt;
514 3846 555 3883 vv.
576 3832 628 3884 195
651 3831 703 3885 ‘258
727 3833 779 3886 486
803 3830 860 3885 iota
883 3829 1082 3898 subscriptum,
1112 3831 1184 3898 qnod
1208 3836 1330 3895 uocatur,

185 3927 261 3975 recte
280 3920 355 3989 apud
374 3917 485 3974 Snidam
506 3915 625 3987 positum
645 3925 694 3973 est.

256 4008 277 4074 ⁶)
296 4007 327 4062 In
347 4006 392 4060 his
412 4005 606 4061 enumerandis
626 4023 673 4062 eas
692 4007 794 4062 Suidac
813 4005 959 4071 lectiones,
985 4023 1055 4074 quae
1075 4005 1142 4060 uiris
1162 4005 1250 4060 doctis
1269 4023 1331 4073 pro-

185 4098 266 4152 batae
285 4098 436 4166 pleraeque
456 4097 490 4149 ab
506 4094 658 4149 editoribus
674 4095 855 4165 Aristophani
875 4095 1020 4148 restitutae
1040 4101 1111 4158 sunt,
1131 4093 1233 4148 litteris
1248 4093 1331 4147 latius

185 4185 333 4254 dispositis,
353 4185 475 4252 itemque
495 4184 522 4236 in
538 4183 628 4237 altera
643 4183 773 4252 plagulae
787 4191 867 4252 porte
883 4183 1054 4238 Rauennatis
1069 4181 1228 4251 probabiles
1244 4180 1331 4250 scrip-

184 4281 260 4328 turas
284 4273 446 4342 conspicuas
470 4272 596 4336 reddam
621 4289 703 4326 cruce
727 4274 827 4326 notabo
848 4287 893 4326 eos
917 4270 1004 4336 locos,
1029 4270 1128 4338 quibus
1147 4267 1254 4324 numeri
1273 4268 1330 4322 nio-

184 4361 285 4426 lentur,
304 4361 436 4416 asterisco
456 4377 510 4425 eos,
530 4360 564 4414 de
584 4361 683 4428 quibus
702 4361 785 4430 paulo
805 4360 878 4414 inl'ra
896 4359 984 4414 fusius
1003 4358 1139 4429 agendum
1160 4365 1209 4412 est.

257 4450 277 4518 ⁷)
295 4447 419 4506 restituit
436 4447 587 4504 Bentleius.

890 2887 1063 2974 draconar
