3304 4928
616 442 655 452 -
704 405 800 488 [aas]
848 443 886 451 -
1307 406 1326 468 1

182 601 417 685 ,‚provincialis“
445 601 571 684 linguae
598 602 810 684 proprietates
843 622 882 666 ex
909 601 1135 684 orthographia
1162 602 1327 666 titulorum

181 707 365 773 Latinorum
389 707 573 790 diligentius
595 709 790 791 perlustrata
808 709 1018 774 demonstrari
1036 709 1166 791 possint,
1189 717 1326 774 11100111-

181 815 283 878 munis
307 815 416 899 lingua
438 813 576 898 vulgaris
597 835 654 898 per
677 836 784 880 omnes
808 815 874 880 fere
893 815 1032 880 omnium
1051 815 1175 898 imperii
1193 816 1327 880 Romani

181 920 345 1004 regionum
363 921 483 1000 titulos,
501 923 689 1006 quicumque
708 922 848 1006 linguam
865 923 1027 1005 vulgarem
1046 919 1205 999 exhibent,
1223 923 1328 988 valeat

180 1049 239 1110 per
261 1048 299 1092 ea
320 1029 459 1106 saecula,
491 1029 605 1112 quihus
632 1028 706 1094 illae
729 1029 865 1112 scriptae
888 1037 961 1094 sunt
986 1029 1218 1112 inscriptiones,
1246 1051 1326 1114 quae

180 1135 278 1217 recipi
314 1134 415 1200 solent
451 1135 485 1200 in
521 1134 642 1220 Corpus
677 1135 719 1200 ab
750 1136 913 1200 academia
944 1136 1141 1202 Berelinensi
1173 1142 1326 1201 curatum.

181 1240 306 1306 Mireris
332 1263 421 1320 sane,
449 1245 544 1328 quod,
571 1265 641 1308 cum
664 1248 714 1308 tot
736 1244 801 1308 sint
823 1244 1019 1336 singularum
1041 1244 1222 1326 linguarum
1245 1243 1326 1308 anti-

180 1370 313 1430 quarum
342 1357 375 1416 et
402 1350 613 1418 recentiorum
646 1349 783 1428 dialecti,
810 1350 843 1414 in
871 1351 1021 1415 immenso
1049 1350 1103 1414 1110
1131 1372 1169 1416 ac
1195 1350 1326 1416 1011111-

180 1477 311 1538 guarum
338 1455 416 1522 fines
442 1463 593 1539 tangente
619 1457 752 1540 imperio
779 1458 921 1522 Romano
948 1457 1238 1540 pronuntiationem
1267 1458 1326 1522 lin-

137 1613 142 1623 .
179 1584 259 1646 guse
276 1562 410 1629 Latinae
432 1564 498 1630 fere
522 1565 653 1630 eandem
676 1565 794 1648 ubique
818 1565 914 1629 foisse
938 1565 1047 1628 eadem
1070 1563 1105 1628 in
1123 1564 1224 1629 titulis
1248 1565 1325 1629 scri-

178 1670 275 1736 bendi
298 1673 381 1737 ratio
405 1673 622 1738 demonstrare
646 1673 779 1738 videtur.
1258 1682 1260 1686 ’

268 1779 358 1857 Quod
381 1780 436 1863 qui
459 1777 577 1844 factum
600 1779 651 1855 sit,
673 1779 758 1844 haud
782 1776 847 1843 scio
871 1800 912 1842 an
930 1778 991 1844 hoc
1008 1777 1074 1842 fero
1093 1778 1186 1843 modo
1204 1798 1327 1842 mecum

178 1887 334 1970 explicere
371 1886 461 1951 velis:
497 1886 630 1952 fortasse
667 1886 749 1950 enim
782 1885 891 1968 lingua
921 1885 1036 1950 Latina
1071 1923 1110 1932 -
1143 1883 1326 1962 ,Latinam“

178 1999 283 2058 autem
306 1994 449 2059 consulto
473 1993 557 2070 dieo,
584 2013 646 2059 non
669 1993 878 2070 „Romanam“
904 2031 944 2040 -
968 1998 1074 2056 aetate
1097 1991 1326 2076 Imperatorum

178 2100 317 2164 nondum
341 2101 373 2165 in
397 2105 523 2165 tantum
541 2121 591 2166 res
611 2101 783 2164 eommunis
802 2099 887 2164 facta
906 2107 976 2164 erat
994 2099 1131 2164 omnium
1151 2099 1326 2164 incolarum

179 2206 303 2290 imperii
326 2207 468 2284 Romani,
490 2214 644 2290 quantum
666 2206 760 2290 vulgo
788 2199 931 2290 ponitur;
959 2207 1015 2288 qui
1041 2227 1112 2270 eum
1134 2204 1242 2288 lingua
1265 2205 1326 2270 La-

179 2313 247 2378 tina
268 2312 335 2378 fere
359 2321 394 2378 ut
416 2315 584 2398 peregrina
602 2319 776 2390 uterentur,
799 2313 926 2397 linguae
948 2313 1087 2396 vulgaris
1105 2313 1326 2394 proprietates,

178 2442 256 2504 quas
283 2421 399 2486 milites
426 2421 571 2501 Romani,
599 2421 654 2504 qui
677 2421 772 2504 primi
800 2421 940 2504 linguam
963 2419 1109 2484 Latinam
1131 2418 1164 2482 in
1188 2418 1326 2503 singulas

177 2528 354 2611 provincias
382 2527 539 2606 serebant,
570 2550 675 2594 secum
703 2529 796 2593 domo
825 2527 1013 2603 attulerant,
1044 2531 1239 2610 propagatae
1265 2527 1326 2592 lin-

177 2656 271 2718 guam
290 2636 437 2700 Latinam
460 2636 619 2718 vulgarem
642 2656 699 2719 per
717 2655 824 2700 omnes
843 2635 1019 2718 provincias
1038 2633 1171 2698 eandem
1189 2640 1222 2697 et
1240 2655 1325 2698 com-

177 2762 302 2806 munem
340 2740 532 2818 efficiebant3
569 2747 678 2806 eontra
715 2741 808 2825 vulgo
844 2741 987 2823 plerique
1019 2739 1227 2823 provinciales
1259 2747 1325 2806 tum

177 2849 306 2931 quidem
339 2849 518 2914 domesticis
550 2848 665 2931 linguis
696 2849 745 2913 uti
777 2847 1020 2931 perseverabant
1032 2849 1065 2930 ¹).
1120 2847 1177 2925 At,
1210 2849 1326 2914 dixerit

177 2955 348 3040 quispiam,
376 2977 505 3020 curnam
533 2955 683 3038 permulti
711 2955 758 3019 illi
785 2953 870 3019 tituli
898 2953 984 3036 vulgi
1013 2975 1089 3020 cura
1110 2955 1207 3038 positi
1230 2961 1325 3040 atque

177 3063 332 3146 imprimis
355 3063 441 3128 tituli
460 3063 649 3147 sepulcrales
668 3061 791 3138 Latium,
814 3082 878 3126 nou
896 3061 1069 3126 domestica
1086 3060 1325 3144 provincialium

177 3170 287 3254 lingua
309 3171 420 3253 scripti
442 3171 534 3234 sunt?
580 3168 662 3236 Sane
685 3176 878 3235 momentum
901 3168 1001 3232 ullum
1030 3169 1058 3234 ei
1081 3169 1142 3244 rei,
1170 3167 1253 3252 quod
1276 3191 1325 3232 re-

178 3297 251 3342 vera
274 3285 445 3360 supersunt
471 3277 558 3342 tituli
585 3277 753 3342 comacula
776 3297 900 3360 quaque
922 3276 1032 3360 lingua
1060 3275 1237 3358 compositi,
1265 3275 1324 3338 tri-

177 3383 274 3448 buere
297 3385 384 3462 nolo;
408 3385 464 3450 sed
487 3385 582 3461 liceat
604 3383 719 3450 afferre
742 3383 844 3450 simile
867 3383 1043 3468 exemplum
1063 3404 1102 3448 ex
1120 3382 1188 3458 hac,
1211 3381 1244 3446 in
1263 3403 1326 3466 qua

177 3493 291 3557 studiis
315 3513 442 3575 operam
466 3491 549 3568 dedi,
572 3491 651 3556 urbe
675 3491 879 3574 Argentorati
903 3497 1075 3574 sumptum:
1103 3488 1159 3554 ubi
1182 3489 1325 3574 quamvis

177 3598 288 3680 vulgus
313 3597 501 3664 Germanica
522 3599 632 3682 lingua
659 3603 840 3664 constanter
868 3597 934 3662 fere
957 3603 1080 3672 utatur,
1107 3597 1134 3661 si
1156 3597 1209 3670 ad,
1222 3595 1325 3679 sepul-

176 3711 297 3770 cretum
320 3710 351 3769 te
375 3705 560 3782 contuleris,
587 3725 695 3770 omnes
718 3705 784 3770 fere
807 3705 932 3781 titulos,
954 3703 1009 3786 qui
1032 3703 1160 3788 quidem
1182 3708 1324 3786 tempore

175 3817 251 3876 ante
278 3809 308 3875 h.
332 3832 355 3876 s.
383 3833 502 3877 anuum
525 3811 610 3877 LXX
638 3812 735 3895 positi
758 3812 835 3888 sint,
862 3811 1003 3876 invenies
1030 3810 1197 3894 peregrina
1223 3809 1324 3875 Fran-

176 3918 368 4001 cogallorum
400 3919 509 4003 lingua
536 3925 717 4004 conceptum
749 3940 850 4004 neque
877 3917 958 3984 ahos
986 3917 1082 3984 habes
1110 3917 1220 3982 titulos
1247 3938 1272 3982 e.
1296 3938 1325 4000 g.

176 4031 386 4091 mercatorum
409 4028 551 4094 tabernis
574 4027 750 4112 inscriptos.

264 4131 435 4199 Praeterea
462 4135 608 4201 doctrina
634 4134 841 4216 grammatica
872 4171 910 4179 -
942 4132 968 4196 si
996 4132 1057 4197 hoc
1082 4130 1178 4196 verbo
1201 4131 1234 4194 in
1257 4151 1323 4196 sor-

178 4239 252 4304 dido
276 4241 484 4324 lapicidarum
506 4261 636 4306 munere
659 4240 707 4303 uti
731 4238 805 4304 licet
830 4277 867 4285 —
896 4259 957 4324 qua
976 4239 1172 4323 quadratarii
1192 4238 1238 4303 ita
1256 4242 1324 4301 ute·
1419 4249 1422 4256 “

179 4393 390 4404 ⁶⁶——

269 4473 288 4539 ¹)
308 4471 349 4527 De
369 4473 466 4529 Africa
486 4471 519 4527 01.
540 4469 715 4538 Marqusrdt‚
735 4469 829 4523 Roem.
848 4470 1111 4538 Staatsvsrwaltung
1131 4469 1143 4523 1
1162 4485 1188 4536 p.
1209 4469 1261 4522 313
1281 4483 1322 4535 sq.
