3272 4920
303 375 363 446 rur
734 411 778 422 -
825 375 909 458 [ma]
955 410 1000 420 -

302 559 364 625 nisi
394 559 427 625 in
455 562 598 628 minutiis
626 560 660 626 id
681 558 876 627 'eventurum
908 559 1047 642 conicio,
1080 567 1232 644 quantum
1262 561 1391 645 quidem
1421 582 1440 627 e

300 661 492 728 lectionibus
515 664 658 730 codicum
674 664 892 732 Parisinorum
906 664 969 730 ΑΒ
991 661 1142 729 aGrosio
1164 663 1302 729 enotatis
1320 684 1439 748 cogno-

301 785 391 832 scere
413 766 500 833 licet.
541 768 578 832 ln
600 768 681 834 libro
705 761 942 838 decuriove
963 767 1112 843 subsidia
1131 774 1245 835 nactus
1264 788 1327 834 non
1345 788 1433 848 sum;

302 869 334 934 in
358 869 467 936 libello
490 870 531 936 de
553 870 752 956 Thucydidis
775 870 935 937 idiomatis
951 872 1090 937 maxime
1105 870 1233 937 codices
1248 871 1438 936 Laurentia-

302 991 361 1037 nos
383 974 462 1057 plut.
481 973 586 1038 LVIII
603 977 643 1037 22
672 974 719 1056 (Α)
746 979 778 1040 et
799 973 1013 1058 plut.LIX11
1045 973 1091 1056 (Ι)
1125 980 1256 1039 secutus
1286 993 1357 1040 sum
1384 974 1435 1054 [cl.

301 1095 377 1160 pag.
396 1079 442 1160 9),
475 1097 606 1160 quorum
629 1078 785 1143 lectiones
814 1078 855 1142 ab
879 1077 1094 1142 Herwerdeuo
1116 1097 1179 1142 uon
1202 1096 1330 1162 semper
1352 1085 1438 1143 recte

301 1179 481 1263 exscriptae
495 1187 579 1246 sunt.
620 1181 659 1245 ui
676 1180 802 1246 codices
818 1187 893 1246 sunt
908 1179 1051 1265 pessimi,
1078 1181 1168 1265 peior
1182 1179 1219 1262 L,
1246 1181 1354 1264 paullo
1369 1201 1438 1246 me·

301 1281 362 1346 lior
376 1282 422 1360 A;
452 1303 562 1349 omnes
586 1304 693 1350 eorum
718 1304 840 1350 errores
871 1290 1002 1349 enotare
1029 1283 1143 1349 inutile
1172 1290 1236 1365 est,
1269 1304 1341 1349 cum
1370 1285 1438 1349 solo

303 1385 449 1450 Parisino
472 1386 549 1452 bibl.
575 1387 663 1472 publ.
689 1409 721 1452 n.
743 1391 820 1451 1741
847 1386 942 1453 huius
964 1385 1068 1452 libelli
1090 1386 1233 1452 recensio
1256 1385 1385 1453 nitatur.

389 1506 536 1590 Dionysii
559 1509 734 1592 exemplar,
761 1514 913 1591 quantum
937 1515 1094 1592 superest,
1121 1527 1193 1572 cum
1209 1497 1350 1573 Bclrhen'
1369 1507 1438 1572 edi-

302 1609 388 1674 tione
410 1609 531 1676 minore
554 1612 684 1676 contuli.
733 1613 797 1676 Dos
820 1617 927 1677 autem
950 1611 1048 1692 locos,
1078 1630 1157 1693 quos
1179 1630 1237 1694 per
1259 1610 1320 1675 boc
1341 1617 1438 1694 caput

302 1732 364 1776 non
387 1713 538 1795 tetigero,
571 1713 698 1780 eosdem
726 1714 813 1799 apud
836 1713 1027 1798 Dionysium
1051 1719 1084 1780 et
1104 1711 1329 1798 Thucydidem
1352 1713 1439 1779 Bek-

302 1815 373 1882 keri
395 1817 460 1898 legi
491 1824 586 1900 puta;
620 1824 694 1882 sunt
722 1818 805 1883 enim
833 1817 997 1898 nonnulli,
1031 1817 1084 1900 qui
1114 1823 1200 1883 recte
1228 1816 1262 1882 in
1291 1816 1437 1902 Dionysii

302 1918 475 2001 codicibus,
501 1920 534 1984 in
557 1920 751 1989 editionibus
773 1921 857 1986 male
880 1919 1102 1986 exhibeantur.

389 2041 624 2124 Nonnunquam
643 2041 844 2126 Thucydidis
866 2041 976 2124 aliqua
998 2041 1098 2107 verba
1119 2039 1257 2106 diversis
1280 2039 1359 2105 locis
1381 2059 1439 2105 ex-

302 2143 400 2210 citata
423 2165 486 2208 uon
504 2165 634 2229 prorsus
649 2145 733 2211 inter
748 2164 784 2213 se
806 2144 991 2223 concinunt;
1018 2164 1127 2210 earum
1150 2143 1437 2228 discrepantiamm

303 2248 442 2333 quaein
464 2247 724 2314 adnotationibus
747 2247 945 2334 perscriptae
974 2268 1037 2314 non
1061 2253 1170 2329 erunt,
1202 2246 1236 2314 in
1259 2246 1438 2332 appendice

302 2350 473 2418 addentur.

388 2472 540 2540 Codicum
556 2471 827 2557 Thucydidiorum
851 2471 984 2538 adhibui
999 2470 1141 2538 Beklreri
1160 2471 1232 2553 BC,
1251 2469 1316 2536 AD
1326 2469 1434 2551 EFG,

303 2574 419 2642 samii
441 2575 675 2643 Londineusem
699 2575 778 2657 Μ’),
804 2575 851 2640 ita
872 2581 998 2657 tamen,
1024 2581 1059 2640 ut
1080 2593 1139 2658 per
1164 2573 1280 2640 librum
1302 2572 1436 2658 primum

302 2684 336 2746 et
356 2677 531 2746 secuudum
560 2678 594 2744 in
623 2677 792 2744 enotandis
822 2677 966 2744 codicum
989 2677 1047 2744 BC
1076 2675 1269 2742 lectionibus
1298 2675 1437 2740 maxime

302 2780 523 2866 Schoenium2)
551 2800 713 2864 sequerer,
739 2787 907 2868 praeterea
927 2781 1039 2865 paucis
1062 2780 1140 2848 locis
1159 2778 1301 2846 Bekkeri
1324 2777 1437 2843 editio-

303 2903 374 2948 nem
398 2883 552 2950 maiorem
574 2886 784 2952 consulerem.

389 3003 477 3070 Inter
498 3023 554 3070 eos
577 3003 703 3072 codices
727 3004 808 3070 haec
830 3003 910 3070 ratio
932 3001 1116 3084 intercedit,
1144 3009 1179 3068 ut
1201 3001 1436 3067 Laurentianus

302 3107 328 3174 D
356 3108 451 3189 isaeo.
476 3108 516 3191 Χ)
550 3113 583 3172 et
605 3107 778 3174 Vaticanus
801 3107 827 3171 Β
854 3107 951 3185 (saec.
977 3107 1032 3188 ΧΙ)
1073 3104 1184 3189 optimi
1214 3105 1295 3185 sint,
1328 3102 1439 3170 melior

302 3216 410 3275 tamen
431 3209 677 3292 Laurentianus,
711 3230 846 3292 quocum
869 3209 1057 3294 plerumque
1079 3206 1281 3274 Monacensis
1304 3205 1333 3272 G
1360 3226 1437 3272 eou-

302 3310 398 3395 gruit‚
424 3331 522 3398 saepe
538 3313 704 3386 Palatinus
719 3313 758 3377 Ε.
805 3311 997 3380 Vaticanum
1019 3315 1194 3393 sequuntur
1216 3309 1283 3376 sere
1299 3307 1437 3392 Cisalpi-

302 3435 362 3483 nus
378 3415 454 3482 Aet
467 3417 676 3500 Augustanus
691 3414 728 3479 T.
776 3413 989 3482 Londineusis
1003 3413 1048 3480 lI⁸
1067 3420 1100 3480 et
1118 3413 1301 3478 Marcianos
1317 3412 1347 3475 D
1366 3431 1438 3478 curn

302 3519 466 3587 codicibus
488 3519 587 3586 Aur
610 3518 811 3603 potissimum
833 3517 1029 3603 conspirant.

389 3638 617 3717 Quaestionem
640 3639 686 3705 ita
707 3637 913 3704 dividendam
946 3637 1073 3722 putavi,
1108 3642 1144 3702 ut
1172 3635 1278 3720 priore
1308 3635 1377 3699 loco
1399 3633 1439 3698 de

304 3743 452 3828 Dionysii
476 3743 668 3828 exemplaris
691 3763 764 3808 curn
784 3739 983 3827 Thucydidis
1006 3740 1060 3822 qui
1083 3745 1257 3824 supersunt
1277 3737 1439 3804 codicibus

302 3867 462 3912 consensu
485 3846 686 3931 dispicerem,
713 3845 888 3930 posteriorc
910 3843 951 3910 de
972 3842 1133 3910 dissensu.

375 4107 392 4169 ¹)
414 4105 523 4159 Erroris
542 4104 649 4158 vitandi
667 4119 753 4158 causa
772 4103 976 4158 Londineusem
994 4101 1091 4156 notavi
1110 4100 1148 4152 ll*
1177 4101 1188 4165 ΙΙ
1223 4100 1242 4163 ἳ)
1264 4097 1440 4169 Thucydidis

303 4190 367 4244 libri
386 4191 398 4244 l
418 4197 447 4244 ct
465 4191 492 4246 ll
515 4206 551 4244 ex
574 4192 736 4246 recensione
754 4188 880 4244 Bclrkeri
907 4190 935 4242 in
954 4203 1033 4242 usum
1058 4185 1215 4242 scholarum
1234 4185 1323 4240 edidit
1341 4179 1441 4238 Atrrcu

303 4273 437 4340 Sebosus,
459 4275 580 4329 Beroliui
599 4276 672 4343 apud
691 4275 891 4329 Weidmanuos
912 4275 986 4325 terr.
