3262 4926
851 399 1066 460 ..75..

389 592 574 670 sequnntur,
599 587 663 652 iem
680 585 845 670 Forbiger,
872 584 989 652 deinde
1005 585 1127 650 Pollius
1142 603 1181 651 ee
1196 584 1425 650 Neumnnonss
1438 582 1514 648 ride

389 698 474 756 runt.
500 689 667 772 Nimirum,
682 688 758 774 qnia
773 690 839 753 rte
851 689 983 753 tremulo
994 709 1143 753 conenesn
1154 688 1342 752 cachinnent
1353 696 1384 752 et
1393 685 1516 752 lnennir

389 793 482 857 salsis
502 801 656 857 umectent
677 815 734 856 ora
753 814 921 877 penusque,
939 811 1003 857 non
1023 801 1190 875 pereunt
1210 791 1390 878 primordia
1410 809 1512 856 rernm.

390 894 622 962 Gravissimum
646 902 753 960 antem
775 894 857 961 illud
874 903 935 975 est,
960 895 1044 979 qnod
1059 897 1187 960 916—ss
1206 895 1249 961 ed
1263 895 1376 961 omnia
1391 893 1513 960 omniun

389 1018 493 1065 rerum
517 996 694 1084 primordia
727 998 853 1064 valent:
879 1000 955 1062 919.
973 1002 1014 1062 20
1031 997 1073 1064 od
1097 998 1294 1083 *animalium
1317 1005 1440 1064 tentum
1460 997 1515 1081 pri-

389 1100 514 1167 mordio
536 1102 631 1185 idque
653 1102 828 1167 hominnm.
853 1137 906 1150 -

834 1205 874 1283 V,
902 1205 1081 1271 1390—96.

391 1308 489 1374 Reote
512 1307 590 1372 mihi
613 1307 740 1374 videtur
754 1307 965 1374 Nenmnonos
990 1307 1181 1374 contendere
1197 1308 1234 1387 V,
1259 1309 1408 1373 seen-o
1430 1327 1511 1392 prere

391 1411 432 1476 ab
455 1409 683 1495 interpolatore
705 1411 858 1496 repetitos
881 1429 954 1478 esse
976 1431 1017 1476 ex
1039 1411 1082 1488 ll,
1101 1411 1228 1475 29-33
1251 1412 1385 1476 mutatis
1407 1417 1511 1476 tnntnn

390 1513 557 1579 verborum
586 1512 793 1598 temporibus.
839 1513 970 1580 Minime
997 1514 1081 1582 enim
1109 1513 1142 1579 hi
1172 1532 1296 1589 versus,
1331 1514 1443 1598 quibus
1462 1517 1512 1577 In-

390 1616 508 1680 eretins
531 1614 694 1682 hominnm
717 1615 850 1683 modieis
872 1617 968 1682 rebus
991 1623 1208 1684 contentorum
1232 1616 1371 1684 delicias
1393 1615 1508 1702 effingit.

391 1737 473 1801 qrrne
495 1725 601 1784 tamen
624 1718 796 1804 descriptio
810 1719 916 1804 ipsnm
934 1720 1143 1786 Lucretianae
1158 1720 1277 1786 aetatis
1293 1721 1414 1786 enltnm
1429 1719 1508 1804 sepit.

390 1820 423 1884 in
447 1818 610 1886 hominnm
639 1820 764 1887 illorum
795 1821 1009 1905 antiquorum,
1037 1821 1090 1905 qui
1114 1822 1212 1887 limen
1234 1821 1366 1888 demum
1388 1821 1510 1888 enltioris

389 1921 476 1988 vitae
487 1921 626 2006 ingressi
638 1930 724 2002 sunt,
737 1923 956 2007 voluptatibus
966 1923 1188 1992 describendis
1200 1924 1429 1991 neoommodati
1439 1929 1507 1990 snnt.

390 2026 437 2090 Ao
459 2024 623 2110 probabile
646 2025 724 2091 mihi
746 2025 873 2092 videtur
902 2027 999 2093 etiem
1022 2047 1074 2092 vv.
1103 2029 1195 2092 1390.
1222 2032 1233 2090 t
1262 2026 1421 2094 insiticios
1440 2045 1506 2092 esse

390 2125 565 2194 Offendunt
585 2135 681 2207 eerte,
708 2129 736 2194 si
758 2128 802 2194 ad
827 2132 921 2193 1401.
947 2131 966 2190 2
989 2129 1182 2214 respexeris.
1208 2165 1251 2176 -

849 2231 902 2314 vl,
929 2235 1067 2296 nsi-4.

475 2333 541 2398 Hos
570 2353 681 2399 versus
709 2353 750 2400 ex
775 2334 832 2411 IV,
861 2337 997 2400 tro-3
1032 2333 1115 2401 ielso
1148 2333 1299 2419 repetitos
1336 2355 1407 2401 esse
1440 2331 1506 2397 iden

389 2435 598 2502 Nenrnannns
621 2444 707 2502 reete
737 2437 902 2520 probavit,
935 2457 1006 2504 onrn
1035 2457 1098 2504 vox
1127 2459 1198 2502 ean
1224 2436 1257 2502 in
1280 2457 1378 2504 versu
1402 2433 1507 2501 need

387 2537 468 2604 illud
492 2546 556 2630 tarn
578 2539 611 2603 in
636 2542 698 2603 250
721 2540 881 2624 pertinere
903 2540 1127 2606 intellexisset.
1175 2541 1259 2607 Nam
1288 2541 1317 2606 si
1346 2541 1392 2606 illi
1414 2555 1508 2611 versos

388 2640 598 2724 intercedunt,
623 2642 783 2726 particula
807 2652 872 2708 turn
894 2645 984 2709 nullo
1006 2642 1101 2710 modo
1123 2650 1229 2728 potest
1251 2642 1411 2728 intellegi.
1434 2679 1472 2690 —

852 2747 907 2825 Vl,
934 2749 1008 2812 ens.
1034 2750 1066 2810 o.
1259 2830 1264 2836 ¹

490 2848 618 2911 Transit
639 2847 721 2912 enim
744 2848 883 2912 validum
894 2850 1026 2935 fulmen
1042 2871 1104 2933 per
1126 2857 1235 2932 saepta
1256 2849 1427 2925 domorum,

486 2949 605 3014 elamor
625 2959 661 3014 at
681 2974 719 3015 ae
741 2974 839 3030 voees,
867 2952 981 3016 transit
997 2973 1060 3035 per
1081 2975 1159 3016 sana
1174 2974 1238 3036 per
1258 2975 1345 3016 aera

389 3050 456 3116 llos
479 3071 600 3133 versus,
626 3053 681 3135 qni
704 3073 823 3137 magno
845 3075 885 3120 ex
909 3061 998 3139 pnrte
1021 3075 1062 3120 ex
1085 3054 1229 3120 versibus
1252 3055 1276 3134 1,
1303 3058 1379 3120 489.
1406 3057 1443 3117 90

487 3156 602 3220 transit
624 3157 705 3228 enirn
716 3158 849 3242 fnlrnen
871 3157 953 3222 coeli
968 3178 1030 3240 per
1052 3165 1163 3240 saepta
1184 3157 1357 3237 domorum,

486 3258 605 3330 elamor
626 3267 662 3322 nt
684 3281 722 3322 oe
745 3281 841 3326 nores.
864 3311 870 3324 .
893 3310 928 3325 ..

388 3358 513 3443 repetiti
536 3365 621 3442 sunt,
647 3358 873 3428 Laehmnnnns
895 3362 942 3428 sie
964 3361 997 3427 in
1020 3381 1117 3427 unum
1140 3361 1316 3428 contraxit:

487 3463 601 3527 transit
624 3464 704 3528 enirn
727 3465 865 3529 validum
878 3466 1010 3551 salmon
1026 3486 1089 3548 per
1110 3486 1199 3542 enen,
1219 3486 1282 3547 per
1304 3485 1390 3528 nera.

389 3565 486 3630 »Nam
509 3585 612 3650 neque
635 3565 799 3633 domorum
823 3577 959 3652 saepta«,
985 3567 1100 3650 inquit,
1127 3574 1206 3633 rtem
1230 3566 1313 3632 dura
1335 3572 1408 3632 sunt
1430 3569 1461 3627 ut
1479 3579 1508 3625 er

388 3667 513 3734 fulmini
537 3688 601 3742 non
623 3669 778 3736 obsistere
800 3669 978 3737 mirandum
995 3671 1047 3750 sit,
1073 3691 1177 3754 neque
1200 3670 1261 3737 hoo
1284 3689 1324 3734 ea
1346 3666 1457 3734 transit
1474 3663 1508 3727 ito

388 3777 423 3834 nt
445 3771 566 3837 elamor
587 3791 626 3838 ne
649 3791 755 3854 voees,
782 3773 841 3839 sed
863 3773 1051 3858 plerumque
1074 3773 1174 3839 laedit
1195 3779 1228 3839 et
1250 3780 1285 3837 ut
1299 3771 1393 3838 modo
1408 3768 1508 3834 dietum

388 3879 438 3937 est
467 3872 614 3939 eooendit
643 3882 675 3940 et
703 3875 737 3939 in
766 3875 899 3942 nedibus
928 3875 1131 3942 dominetur«
1167 3877 1266 3958 (titi.
1321 3873 1412 3952 Quae
1438 3873 1509 3935 reete

387 3974 551 4060 disputem
580 3995 652 4043 esse
680 3995 774 4044 neme
801 3979 943 4062 negabit.
1005 3973 1070 4046 Se'd
1098 3978 1182 4044 dnae
1210 3985 1284 4044 sunt
1313 3993 1436 4055 musae,
1465 3987 1511 4036 err

388 4097 449 4160 ego
471 4079 599 4161 quidem
622 4099 664 4145 ne
686 4087 793 4146 eetern
814 4081 941 4163 quidem
958 4082 1093 4148 verbnn
1115 4089 1211 4166 poete
1233 4081 1352 4166 seriptn
1374 4097 1442 4146 esse
1461 4091 1510 4158 pu·

388 4187 463 4244 tem.
496 4181 578 4247 Inde
599 4181 684 4247 enim
707 4186 805 4248 ants
821 4183 862 4250 de
885 4184 1029 4250 fulminis
1052 4192 1167 4250 natura
1182 4184 1384 4269 exposituros
1398 4181 1509 4264 igneam

388 4301 460 4348 eam
483 4303 556 4350 esse
578 4283 790 4352 demonstrat:
826 4291 852 4348 l.
879 4285 938 4352 hoo
961 4287 1120 4353 declarari
1143 4288 1221 4354 loeis
1244 4287 1308 4353 letn
1331 4284 1442 4351 inustis
1461 4297 1509 4344 no
