3280 4934
595 442 635 452 -
682 403 756 488 [en]
802 441 842 452 -
1244 401 1283 467 31

146 603 259 684 politae
277 600 470 683 Megarensis
492 603 626 664 mortem
648 600 801 676 eiusmodi
823 598 972 683 parodias
994 595 1084 664 lictae
1107 619 1174 664 esse
1196 619 1288 683 posse

147 706 187 772 ab
210 709 256 774 eis
279 711 333 791 qui
356 707 430 774 huic
452 710 564 791 po'e'tae
586 706 737 773 libentius
760 705 986 773 incumberent.

234 813 351 880 Utrum
385 821 491 880 autem
527 814 591 879 ulia
627 814 801 880 carminum
832 835 949 898 genera
985 813 1047 879 iem
1083 813 1220 896 legerint
1254 813 1287 876 in

147 920 358 1005 Theognideis
384 927 564 987 nostrerum
590 920 781 1004 syllogarnm
803 927 947 987 auctores
969 919 1094 1005 potoria
1115 919 1289 985 convivalia

146 1028 189 1094 ad
211 1050 350 1094 amorem
372 1029 509 1110 denique
530 1047 701 1113 puerorum
724 1029 909 1111 spectantia,
931 1047 972 1094 an
995 1027 1089 1111 primi
1112 1047 1151 1092 ea
1167 1025 1288 1092 inseru-

147 1136 244 1214 erint,
274 1133 472 1202 subdifficilis
500 1141 548 1200 est
581 1135 733 1218 quaestio.
783 1135 938 1219 Equidem
965 1135 1105 1218 suspicer
1132 1134 1288 1218 quaedam

148 1243 302 1308 eiusmodi
320 1243 461 1310 earmina
483 1243 545 1308 iam
569 1241 700 1311 infuisse
723 1243 756 1306 in
780 1239 843 1307 illis
865 1241 1112 1319 collectionibus,
1134 1261 1213 1324 quas
1230 1261 1287 1306 no-

147 1355 286 1415 strarum
312 1355 456 1415 auctores
485 1348 734 1434 compilaverint,
761 1353 856 1434 atque
883 1347 936 1414 hic
963 1348 1027 1416 illic
1055 1351 1136 1415 inter
1158 1369 1288 1432 gnomns

148 1456 307 1523 hilarioris
338 1477 463 1540 quoque
494 1477 531 1522 ac
563 1455 761 1540 potissimum
792 1455 961 1523 convivalis
987 1459 1117 1540 po'e'seos
1145 1455 1289 1540 exempla

149 1563 331 1629 intermixta
353 1563 458 1630 finisse.

236 1669 345 1756 Neque
371 1676 478 1736 tamen
501 1671 616 1736 Iuliani
639 1677 672 1736 et
695 1671 840 1758 Cyrilli1)
868 1675 975 1737 aetate
996 1671 1030 1736 in
1053 1670 1288 1738 collectionibus

148 1777 357 1861 Theognideis
393 1778 567 1861 compluria
602 1798 710 1844 eorum
746 1777 878 1844 infuisse
909 1779 1078 1846 verisimile
1111 1784 1172 1857 est,
1208 1799 1288 1865 quae

147 1889 259 1969 postea
285 1907 323 1950 ex
350 1884 478 1951 turbido
507 1885 643 1969 quodam
673 1885 760 1951 fonte
786 1885 819 1950 in
842 1885 951 1952 Musae
974 1884 1167 1970 Megarensis
1189 1887 1288 1954 laetos

147 1991 256 2057 hortos
285 1993 443 2058 irruerunt
471 2013 586 2076 eosque
614 1993 681 2059 luto
711 1992 924 2077 impleverunt.
950 2031 990 2040 -
1015 1993 1171 2060 Athenaei
1198 1995 1288 2060 testi-

148 2101 252 2166 monio
272 2100 308 2170 in
330 2100 390 2166 hac
412 2122 447 2165 re
471 2100 663 2184 exploranda
685 2099 790 2167 nescio
812 2121 853 2166 an
876 2120 939 2164 non
961 2101 1094 2166 multum
1121 2101 1165 2166 sit
1187 2101 1287 2166 tribu·

148 2206 272 2273 endum.
320 2207 430 2290 Neque
458 2209 540 2272 enim
568 2207 644 2291 ipsis
671 2206 880 2290 Theognideis
908 2206 1036 2292 syllogis
1062 2205 1187 2271 videtur
1213 2227 1288 2272 usus

148 2333 229 2389 esee,
252 2313 307 2380 sed
330 2335 437 2380 versus
460 2313 530 2378 illos
554 2313 781 2398 Theognideos,
803 2314 844 2379 de
866 2312 981 2396 quibus
1004 2311 1100 2378 verba
1122 2313 1211 2390 facit,
1233 2320 1290 2378 aut

149 2441 187 2486 ex
209 2421 413 2504 grammatico
436 2421 573 2504 quodam
596 2427 653 2486 ant
676 2443 713 2486 ex
736 2420 941 2506 Peripatetici
964 2421 1126 2486 cuiusdam
1143 2418 1225 2486 libro
1249 2421 1288 2486 de

148 2525 312 2593 Ebrietate
341 2528 558 2611 desumpsisse.
604 2527 799 2613 Quamquam
826 2529 872 2594 sic
898 2547 1022 2613 quoque
1045 2527 1199 2593 Athenaei
1226 2527 1289 2592 iam

149 2640 254 2700 aetate
287 2634 392 2700 aliene
423 2634 635 2718 Theognideis
665 2634 849 2700 intermixta
881 2633 976 2701 fluisse
1009 2633 1117 2702 elucet
1141 2675 1184 2684 —
1212 2635 1288 2701 Pro-

148 2742 250 2807 ximus
273 2743 364 2807 testis
387 2746 436 2806 est
458 2741 591 2808 loannes
614 2740 781 2817 Stobaeus3
804 2763 842 2806 ex
864 2743 953 2809 cuius
976 2739 1130 2826 florilegio
1153 2763 1192 2808 ea
1208 2765 1289 2827 quae

150 2849 191 2914 ad
209 2848 424 2933 quaestionem
443 2853 583 2913 nostram
602 2847 783 2914 solvendam
801 2848 1006 2934 pertinerent,
1023 2849 1086 2916 iam
1104 2849 1289 2935 Bergkius¹)

149 2955 226 3022 scite
249 2955 432 3039 composuit.

237 3062 342 3146 Atque
369 3061 541 3128 Stobeeum
572 3062 698 3146 quidem
730 3061 833 3130 nullas
864 3061 944 3130 alies
975 3063 1111 3149 syllogus
1141 3063 1288 3132 babuisse

149 3169 290 3254 cognitae
312 3169 374 3236 nisi
396 3170 475 3236 duas
498 3169 582 3247 illas,
609 3189 648 3234 ex
670 3169 784 3253 quibus
806 3169 888 3236 liber
909 3171 1048 3255 ,primus'
1071 3171 1288 3257 Theognideo-

148 3297 219 3342 rum
254 3276 350 3342 hodie
382 3282 519 3355 constat,
551 3297 666 3360 easque
692 3277 777 3360 ipsas
805 3277 847 3342 ad
873 3275 1060 3361 florilegium
1092 3279 1288 3345 condendum

149 3404 315 3467 usurpasse
347 3389 484 3450 constat:
517 3405 590 3450 nam
621 3384 756 3466 primum
788 3383 942 3450 Stobaeus
974 3406 1082 3452 versus
1112 3386 1288 3464 nonnullos,

149 3512 227 3573 quos
258 3490 381 3557 Solonis
418 3511 484 3556 esse
516 3496 603 3556 certo
635 3491 762 3568 scimus,
798 3497 831 3556 et
864 3491 917 3576 qui
949 3493 982 3556 in
1014 3493 1130 3558 nostris
1160 3492 1288 3578 syllogis

148 3595 359 3680 Theognideis
387 3597 547 3681 leguntur,
581 3592 760 3681 Θεόγνιδος
786 3598 932 3664 lemmate
959 3599 1124 3683 insignitos
1153 3599 1288 3666 exhibet.

125 3709 129 3716 '
146 3699 229 3770 Tum
241 3713 273 3771 et
287 3705 563 3789 interpretationes
576 3711 609 3770 et
622 3705 735 3772 calami
749 3725 870 3772 errores
882 3705 1025 3772 nonnulli
1039 3727 1078 3772 ex
1086 3705 1288 3773 librariorum

148 3811 277 3878 licentia
307 3811 411 3878 effecti
443 3811 545 3878 eidem
576 3812 662 3896 apud
689 3811 859 3878 Stobaeum
883 3813 1092 3878 inveniuntur.
1138 3813 1289 3897 Denique,

149 3920 231 4004 quod
260 3939 413 3985 summam
441 3916 618 4003 Berglriano
650 3920 767 3986 iudicio
799 3920 891 3986 addit
917 3919 1189 4004 probabilitatem,
1220 3941 1287 3985 rer·

149 4132 175 4185 p.
190 4116 225 4171 28
240 4132 298 4184 sqq.
314 4113 461 4170 maximam
480 4129 573 4169 earum
588 4119 695 4184 partem
715 4114 852 4184 congessit
871 4113 987 4184 singulis
1005 4113 1073 4170 locis
1093 4113 1287 4172 commentario

148 4205 245 4260 auctis.
283 4206 452 4276 Quemquam
471 4203 625 4274 complures
643 4203 817 4274 perodlsnrm
837 4219 948 4260 numero
967 4203 1112 4270 adscribit,
1135 4203 1170 4260 de
1189 4203 1288 4272 quibus

148 4293 298 4364 disceptari
316 4293 376 4350 iure
396 4297 494 4362 potest.

237 4385 257 4450 ²)
275 4383 323 4438 cir.
343 4381 532 4439 Nietascbium
550 4382 569 4438 l.
588 4383 606 4437 1.
625 4401 651 4453 p.
672 4383 732 4438 173.

238 4473 258 4539 ²)
276 4473 307 4528 ln
327 4473 398 4527 Mus.
418 4471 469 4526 Rh.
488 4471 554 4526 Nos.
576 4473 614 4526 lll
634 4490 660 4540 p.
680 4472 733 4527 396
751 4489 810 4540 sqq.
