3262 4926
803 403 1015 468 ..48-

427 559 493 656 Sed
515 596 588 674 post
609 587 851 658 Lachmanuum
874 589 904 658 ei
926 590 1011 698 docti
1026 589 1185 666 homiues,
1211 589 1266 672 qui
1288 589 1324 656 iu
1338 589 1488 658 Lucretii

340 691 534 758 carminibus
550 692 760 760 emendandis
775 713 905 779 operam
921 694 1092 778 ponebant,
1118 713 1215 777 quam
1229 693 1370 760 maxim
1385 693 1487 760 veriti

340 801 415 860 sunt
435 795 700 880 interpolationes
729 796 770 862 dc
798 795 958 866 industria
986 796 1089 864 fasae
1118 803 1272 866 saluere.
1319 796 1363 864 ut
1393 805 1486 866 recte

339 897 468 980 quidem
492 899 526 966 in
547 899 608 968 boc
630 919 727 985 opere
750 901 939 986 imperfecto
961 923 983 970 a
1005 908 1103 986 poeta
1123 900 1236 970 relicto
1258 919 1378 984 magna
1398 920 1482 968 cce-

338 1000 426 1068 tione
439 1001 601 1085 agendum
617 1022 691 1072 esse
705 1002 854 1073 arbitrati
868 1011 953 1072 saut.
993 1005 1145 1074 Acumen
1159 1003 1304 1089 potuisse
1322 1002 1484 1070 facillime

337 1103 603 1190 interpolationes
623 1105 657 1171 in
678 1107 737 1173 illa
759 1107 903 1173 carmina
925 1105 1044 1174 deferri
1074 1127 1139 1174 nou
1167 1107 1275 1174 minus
1296 1105 1483 1174 concodeu-

338 1206 412 1274 dum
436 1215 496 1277 est.
543 1208 629 1276 Sanc
651 1210 685 1276 iu
707 1210 797 1277 uullo
818 1211 883 1278 alio
905 1211 1082 1278 litterarum
1104 1230 1223 1294 genere
1244 1210 1481 1296 explicationes

338 1312 392 1378 vel
423 1311 691 1398 amplificationes
724 1313 866 1381 addendi
898 1314 1025 1382 occasio
1059 1315 1163 1399 mans
1192 1315 1287 1382 datur
1316 1334 1415 1397 quam
1443 1315 1486 1390 in

337 1415 478 1482 carmine
500 1414 676 1484 didactiec:
703 1417 858 1502 intellego
876 1425 1006 1503 praeter
1027 1425 1138 1485 catara
1159 1418 1218 1484 illa
1239 1417 1477 1498 additamenta,

336 1517 450 1600 quibus
472 1528 694 1604 argumentum
718 1521 808 1606 prius
830 1523 964 1588 allatum
987 1522 1151 1607 repetitur,
1178 1542 1250 1589 cum
1272 1528 1367 1607 poeta
1387 1520 1481 1588 idam

336 1640 485 1688 revocare
508 1642 782 1708 supervacaneum
805 1624 943 1692 dmerit.
1213 1669 1216 1676 ,

422 1724 611 1794 iterationes
633 1747 710 1794 vero
732 1728 829 1794 etiam
851 1728 886 1794 in
913 1728 988 1795 aliis
1018 1728 1230 1814 scriptoribus
1258 1727 1479 1814 interpolandi

335 1847 436 1894 cansa
458 1828 565 1896 factae
588 1838 673 1898 sunt.
720 1833 764 1899 Ut
791 1832 826 1897 iu
847 1832 983 1917 Vergilii
1006 1830 1150 1900 Aeneide
1179 1833 1274 1899 tertia
1303 1832 1372 1899 iere
1398 1852 1477 1916 pars

334 1931 539 1998 iterationum
553 1934 665 2018 spuria
680 1942 731 2001 est
750 1935 891 2020 (collegit
912 1955 968 2002 eas
984 1935 1140 2019 Forbiger
1161 1935 1204 2002 ad
1220 1936 1331 2020 llclcg.
1347 1939 1378 2016 5,
1397 1938 1474 2017 3713

334 2041 431 2118 atque
454 2043 631 2103 ceterarum
654 2057 782 2122 quoque
804 2038 916 2105 dubito
938 2060 983 2105 au
1005 2039 1085 2106 baec
1105 2039 1158 2108 vel
1180 2038 1239 2105 illa
1260 2038 1402 2105 insiticia
1415 2039 1473 2104 sit.

420 2138 568 2223 Denique
590 2147 720 2226 propter
750 2161 807 2208 eas
835 2142 1052 2227 suspiciones,
1079 2142 1204 2225 quibus
1227 2141 1286 2207 viri
1314 2141 1401 2208 docti
1429 2141 1477 2206 ad

334 2241 415 2309 tales
444 2243 648 2324 quaestiones
677 2243 768 2311 adire
791 2245 912 2328 solent,
945 2244 1094 2312 attendas
1116 2246 1197 2312 duos
1220 2253 1347 2312 cxsmre
1368 2245 1472 2328 locos,

333 2345 448 2428 quibus
471 2352 559 2412 certa
587 2346 845 2434 interpolationis
867 2347 1006 2434 vestigia
1033 2354 1224 2434 appareant.
1271 2349 1309 2412 In
1332 2347 1476 2414 secundo

332 2448 418 2513 enim
446 2448 527 2514 libro
549 2449 696 2516 versibus
719 2453 881 2516 ruo-56
911 2449 1113 2535 interpolatis
1141 2451 1297 2518 nonnulla
1326 2471 1346 2518 a
1375 2457 1475 2535 poeta

333 2551 455 2636 scripte
477 2551 614 2637 depulsa
636 2559 723 2634 suut,
755 2554 802 2622 ita
824 2560 858 2622 ut
878 2574 976 2622 versu
1000 2557 1062 2621 748
1085 2554 1285 2622 enuntiatum
1307 2555 1475 2622 continea-
1614 2567 1615 2630 ἰ

332 2660 391 2731 tur,
419 2654 510 2721 cuius
533 2655 637 2721 exitus
659 2656 753 2724 desit.
793 2657 877 2724 Nam
899 2657 984 2741 quod
1007 2657 1172 2726 Bentlcius
1197 2657 1378 2726 coniecerat
1398 2677 1475 2724 ver-

332 2776 401 2822 sum
425 2761 488 2822 743
504 2764 576 2843 post
593 2761 654 2825 718
677 2761 950 2845 transponendum
973 2780 1057 2840 esse,
1084 2761 1231 2845 quamvis
1246 2759 1474 2828 Lachmaunus

331 2879 404 2925 enm
421 2867 550 2926 secutus
570 2861 625 2944 sit,
641 2868 750 2929 tomen
766 2862 842 2930 ferri
858 2883 922 2929 uon
936 2883 1032 2948 posse
1048 2863 1286 2931 demonstrabo.
1326 2863 1364 2930 In
1379 2871 1473 2930 sexto

332 2969 438 3029 antem
461 2962 560 3046 libro,
587 2964 641 3030 ubi
663 2966 789 3031 383-5
813 2965 997 3052 interpolati
1020 2973 1104 3045 sunt,
1131 2974 1232 3033 restat
1254 2986 1337 3033 unus
1359 2985 1400 3032 ex
1422 2967 1472 3034 eis

330 3065 477 3132 versibus
500 3088 521 3132 a
541 3073 637 3152 poeta
659 3068 854 3154 compositis,
881 3069 936 3152 qui
958 3069 1205 3155 interpolatione
1232 3068 1359 3156 expulsi
1382 3074 1468 3134 sunt.

330 3168 444 3235 Dicam
466 3169 507 3236 de
529 3170 576 3236 eis
599 3171 678 3238 locis
701 3191 757 3256 pg.
783 3175 824 3236 59
848 3191 896 3256 sq.
922 3179 955 3238 et
977 3191 1032 3258 pg.
1060 3175 1111 3237 78.

417 3271 482 3339 Sed
505 3293 545 3338 ne
568 3271 690 3339 diutius
714 3273 749 3340 in
778 3275 956 3359 praefando
984 3294 1153 3350 moremur,
1186 3273 1339 3360 incipiam
1367 3275 1408 3342 ab
1431 3296 1472 3344 oo

329 3375 414 3458 loco,
442 3375 496 3458 qui
520 3375 688 3460 inprimis
712 3377 930 3444 memorabilis
959 3384 1026 3460 est,
1058 3377 1145 3462 qnod
1172 3385 1205 3444 ct
1230 3377 1471 3464 interpolatoris

330 3485 362 3544 et
385 3477 515 3545 lectoris
538 3478 722 3564 philosophi
745 3499 874 3564 operam
902 3480 947 3546 ibi
969 3499 1146 3564 agnoscere
1168 3480 1254 3562 licet,
1279 3488 1316 3548 ut
1338 3481 1471 3548 dubium

328 3600 399 3648 esse
423 3590 571 3666 nequeat,
598 3581 674 3664 quin
690 3581 814 3649 duobus
830 3582 1027 3667 temporibus
1043 3591 1113 3650 orta
1127 3582 1350 3652 additamenta
1363 3584 1398 3650 in
1412 3606 1472 3652 co-

326 3683 454 3751 dicibus
468 3684 587 3751 uostris
602 3691 738 3766 exstent,
758 3686 861 3752 altera
876 3684 1006 3769 quidem
1021 3685 1238 3771 interpolandi
1254 3707 1355 3754 causa
1369 3686 1468 3769 iacta,

330 3788 432 3853 alteru
454 3807 518 3853 non
540 3807 644 3870 aeque
666 3787 789 3856 infelici
812 3788 946 3856 consilio
968 3789 1107 3873 margini
1129 3788 1307 3874 adscripta.

747 3891 790 3971 11,
819 3895 1043 3957 rora-roro.

773 3999 855 4058 1020
878 4023 921 4050 =
943 3997 1016 4060 726.

622 4101 703 4164 1015
731 4101 836 4182 (1016)
863 4127 905 4155 =
927 4099 954 4182 1,
981 4101 1043 4164 820
1072 4101 1170 4182 (821).

652 4201 832 4287 siqruflcant
854 4222 912 4288 pro
935 4202 1136 4268 constituunt.

743 4307 821 4370 1021
847 4335 890 4362 =
912 4305 939 4382 I,
965 4307 1039 4371 685.
