3280 4934
584 391 627 402 -
674 355 770 437 [105]
815 393 857 402 --
1275 356 1295 420 9

155 548 293 612 virorum
318 550 495 614 doctorum:
528 549 797 625 Reuchensteinii‚
820 549 972 625 Scheibii,
996 549 1107 614 Grotii.
1152 551 1234 616 Nam
1257 553 1296 616 de

155 655 343 742 Blassi0¹)
366 655 466 739 loqui,
489 657 544 739 qui
563 655 791 722 Thirlwellium
813 665 939 722 secutus
961 659 1071 722 eedem
1093 657 1145 720 die
1164 664 1196 723 et
1214 658 1297 725 viros

154 763 321 845 populares
340 763 580 847 comprehensos
599 770 631 829 ot
648 784 759 848 pacem
773 765 949 829 conclusam
969 785 1037 829 esse
1056 769 1170 842 censet,
1188 787 1297 850 super·

156 871 260 947 sedeo,
283 891 353 935 cum
376 891 396 935 a
418 869 599 957 Renner02)
623 871 741 954 optime
763 871 951 956 redargutus
974 871 1024 937 sit

714 1209 741 1292 l.

229 1405 451 1471 ¹Enordiamur
469 1405 566 1488 igitur
579 1427 599 1470 a
613 1407 924 1472 Rauchcnsteinii
935 1407 961 1491 ³)
977 1409 1143 1483 sententia,
1157 1407 1212 1488 qui
1226 1427 1296 1470 oum

153 1519 282 1578 eructare
306 1513 401 1597 Lysia
428 1512 498 1576 illos
522 1513 604 1578 viros
631 1519 705 1578 ante
733 1535 841 1597 paoem
864 1511 980 1578 factem
1009 1518 1118 1596 ceptus
1146 1533 1213 1578 esse
1236 1511 1297 1578 sibi

154 1620 350 1704 persuadeat,
372 1641 478 1684 rerum
497 1620 639 1686 ordinem
662 1619 722 1686 hec
739 1621 832 1685 medo
852 1621 1028 1686 constituit:
1053 1620 1297 1685 Postridie'eius

153 1727 311 1809 dieique
335 1725 546 1792 Theramenes
569 1726 684 1812 Sparta
706 1728 853 1804 redierat,
877 1728 990 1802 mutio,
1007 1729 1046 1792 de
1070 1749 1146 1810 paco
1170 1726 1297 1811 quidem

154 1833 277 1910 habita,
301 1839 431 1916 accepta
453 1855 527 1898 vero
550 1855 612 1898 non
637 1841 685 1900 cst
707 1856 783 1918 pax,
806 1857 876 1900 cum
900 1834 958 1898 viii
981 1834 1148 1918 populares
1170 1835 1297 1899 resiste-

153 1947 232 2006 rent.
270 1940 331 2018 Qui
349 1941 484 2024 primum
503 1942 643 2006 emedio
662 1941 793 2006 tollendi
812 1946 912 2006 erant.
949 1940 1040 2018 Quod
1063 1963 1133 2006 curn
1152 1942 1297 2007 contione

153 2046 332 2113 Munichiae
355 2046 467 2113 habite
489 2052 572 2112 esset
595 2047 726 2125 factum,
754 2069 826 2112 mox
849 2049 951 2114 altera
978 2049 1124 2112 contione
1152 2049 1191 2112 de
1219 2069 1296 2130 paca

153 2155 302 2218 instituta
325 2154 523 2219 condiciones
546 2161 692 2238 acceptae
716 2161 797 2220 sunt.

241 2261 331 2340 Quod
359 2261 386 2326 si
414 2282 522 2326 verum
549 2269 644 2339 osset,
672 2267 856 2344 sequeretur
883 2267 1024 2326 erratum
1051 2282 1119 2326 csse
1146 2283 1166 2324 a
1194 2260 1297 2324 Xeno-

153 2367 282 2452 phonte,
314 2367 369 2450 qui
401 2369 453 2434 die
484 2375 557 2452 post
588 2369 727 2434 reditum
759 2367 964 2432 Theramenis
995 2388 1105 2450 pacem
1136 2375 1296 2450 acceptam

152 2495 219 2540 esee
246 2480 363 2540 narrat.
414 2475 513 2557 Atqui
545 2476 578 2540 id
610 2475 727 2558 ipsum,
758 2495 867 2558 pacem
895 2476 1004 2540 statim
1031 2481 1192 2557 acceptam
1220 2495 1296 2550 esse,

152 2581 413 2646 verisimillimum
440 2587 501 2658 est,
528 2603 597 2647 cum
627 2583 689 2646 iam
717 2589 784 2646 tum
807 2583 889 2648 fame
918 2581 1018 2665 magis
1042 2582 1205 2666 magisque
1228 2603 1296 2646 cre·

152 2695 256 2752 scente
279 2688 321 2753 ad
343 2693 518 2753 extremum
541 2689 661 2754 redacti
685 2694 790 2754 essent
815 2689 1030 2766 Athenienses
1052 2697 1088 2754 ut
1112 2689 1199 2753 nulla
1222 2709 1296 2753 cun-

153 2795 249 2859 ctatio
277 2793 345 2860 fieri
373 2803 487 2878 posset.
538 2795 680 2880 Namque
712 2796 785 2860 licet
813 2817 888 2860 sene
915 2798 1007 2879 pauci
1039 2795 1228 2870 restiterint,
1260 2803 1297 2860 ut

151 2901 327 2985 Xenophon
355 2911 464 2969 narrat
491 2903 675 2989 (11,2,22
709 2895 941 2968 ἀντειπόντων
975 2902 1011 2967 δέ
1041 2925 1146 2968 τινων
1179 2894 1296 2988 αὐτῷ),

150 3008 239 3091 plebs
266 3015 351 3074 certe
377 3010 418 3074 ad
446 3031 555 3094 pacem
583 3010 631 3074 ita
658 3009 845 3088 inclinabat,
873 3015 910 3074 ut
938 3031 1152 3095 quaecumque
1182 3011 1296 3074 vellent

151 3113 393 3182 Lacedaemonii
416 3122 540 3201 peteret
580 3165 588 3180 .
801 3189 806 3202 ⁸

239 3221 302 3288 Sed
338 3245 377 3289 ne
414 3247 485 3290 cum
517 3223 612 3306 Lysia
647 3223 774 3306 quidem
810 3225 966 3289 consentit
1003 3222 1295 3290 Rauchensteinius.

150 3328 240 3406 Quod
264 3331 347 3394 enim
369 3330 513 3409 alteram,
537 3353 600 3414 que
622 3337 784 3414 acceptam
806 3325 924 3415 pacem'
939 3331 1025 3408 dicit,
1049 3332 1226 3396 contionem
1249 3333 1297 3396 in-

149 3437 279 3520 tellegit,
302 3459 341 3502 ne
365 3439 505 3521 potuisse
529 3439 656 3521 quidem
680 3438 744 3503 iam
767 3440 863 3504 semel
886 3440 919 3502 in
943 3438 1121 3504 contione
1144 3439 1183 3502 de
1202 3460 1240 3502 ea
1262 3461 1296 3503 re

148 3551 253 3608 ectum
276 3565 344 3608 esse
367 3543 481 3628 Lysiae
504 3547 645 3610 narratio
669 3547 746 3611 setis
769 3545 916 3612 ostendit
963 3545 1043 3609 Nem
1067 3567 1138 3610 cum
1156 3545 1196 3610 de
1220 3547 1296 3610 dne-

149 3650 206 3715 bus
236 3650 436 3718 contionibus
464 3653 591 3718 omnino
615 3675 677 3718 non
706 3653 859 3737 loquitur,
887 3657 955 3717 tum
978 3673 1048 3716 eum
1072 3652 1111 3715 de
1139 3673 1203 3715 una
1225 3659 1296 3716 tan-

145 3764 213 3822 tum
228 3763 424 3839 compertum
443 3758 591 3825 habuisse
610 3759 753 3825 indicant
773 3760 870 3824 verba
883 3780 964 3841 quae
983 3759 1130 3842 leguntur
1149 3758 1292 3835 Xlll,17

144 3854 246 3948 γνοὺς
274 3863 310 3928 δὲ
339 3871 446 3930 ταῦτα
472 3863 664 3953 θηραμένης
691 3869 748 3931 καὶ
776 3863 809 3932 οἱ
837 3859 932 3931 ἄλλοι
960 3863 993 3930 ol
1022 3859 1296 3946 ἐπιβουλεύοντες

236 4059 254 4112 ¹l
275 4061 320 4113 Fr.
342 4059 421 4113 Blass
442 4059 599 4114 Gcsehirlde
623 4061 672 4115 der
691 4061 824 4116 ottischcn
842 4060 1057 4148 Beredsamkeit‚
1082 4059 1197 4129 Leipzig
1218 4063 1296 4126 ineu,

143 4150 163 4203 Ι.
195 4165 222 4216 p.
242 4149 295 4202 556
315 4150 378 4202 adn.

233 4234 253 4300 ⁸)
274 4237 322 4290 Ch.
343 4237 455 4292 Renner
474 4239 734 4295 commentationum
754 4241 939 4308 Lysiacarum
960 4239 1051 4308 capita
1068 4241 1129 4302 due,
1150 4237 1297 4306 Gottingae

145 4327 222 4390 1869,
264 4327 397 4380 .15.16.

234 4343 482 4483 'lRauchensteln
507 4414 599 4470 Neues
623 4417 867 4483 Schweizeriecdes
889 4423 1026 4480 Murrina
1042 4419 1088 4474 lll.
1111 4431 1136 4484 p.
1155 4415 1302 4470 aet-atr.
