3280 4934
335 370 378 434 22
764 377 805 414 —ss
853 365 949 449 [118]
996 403 1039 412 -

420 461 442 542 ἰ

336 554 532 648 συναγαγών
556 555 599 626 τὰ
621 563 710 649 τείχη
733 559 940 627 κατέσκαπτε
964 561 1021 626 καὶ
1044 551 1103 638 τὰς
1129 557 1272 648 τριήρεις
1294 560 1474 644 κατέφλεγε

334 661 421 756 τιρός
452 661 513 734 τὸν
545 659 649 734 αὐλὸν
677 667 962 753 ἐστεφανωμένων
994 669 1051 733 καὶ
1082 663 1274 750 παιζόντων
1307 658 1374 752 ἅμα
1404 673 1475 732 τῶν

336 771 525 861 συμμάχων,
549 767 594 852 ὡς
618 773 748 862 ἐκείνην
771 766 832 861 τὴν
859 767 983 862 ἡμέραν
1008 769 1176 861 ἄρχουσαν
1203 781 1261 861 τῆς
1284 773 1476 859 ἐλευθερίας

336 883 420 968 (Lys.
439 882 521 970 XV).
567 881 683 946 Mirum
709 881 866 964 profecte,
893 903 933 948 ne
956 883 1059 948 dicam
1086 883 1231 948 insanum
1253 883 1421 959 videretur,
1449 883 1476 946 si

336 989 549 1074 compluribus
572 988 732 1054 mensibus
759 996 831 1073 pest
854 995 1029 1074 captast
987 989 1127 1056 Athenas
1151 1010 1221 1055 cum
1243 988 1404 1073 Lysander
1426 1009 1476 1052 re-

337 1099 435 1164 disset
421 1095 600 1181 tmuriqne
624 1095 785 1161 diruerent
771 1101 832 1172 t,ur
856 1102 923 1162 tum
942 1103 1052 1162 cantus
1074 1096 1239 1162 tibicinum
1262 1093 1476 1170 adhiberetur,

336 1211 403 1270 tum
426 1204 541 1288 gaudio
565 1203 752 1269 efferrentur
713 1204 861 1279 urseeii,
884 1224 955 1267 eum
979 1203 1062 1268 diem
1085 1204 1147 1269 rati
1170 1203 1307 1286 primum
1325 1201 1477 1266 Graeciae

336 1311 495 1377 libertatis
517 1332 594 1378 esse.
630 1311 761 1377 Prorsus
780 1309 873 1375 aliter
891 1314 997 1374 antem
1017 1331 1067 1374 res
1086 1314 1268 1393 comparata
1286 1313 1343 1386 est,
1366 1309 1392 1373 si
1411 1314 1476 1372 sta·

336 1418 393 1484 tim
413 1421 484 1501 pest
502 1422 610 1501 captas
625 1415 767 1482 A'thenas
780 1415 977 1501 Lysandrum
990 1417 1030 1480 ad
1051 1415 1216 1482 tibicinum
1230 1422 1356 1481 cantum
1369 1437 1476 1480 mures

337 1523 442 1590 delere
460 1524 600 1609 coepisse
618 1545 737 1590 summo
751 1545 821 1590 eum
840 1525 995 1591 sociorum
1013 1523 1128 1606 gaudio
1146 1529 1301 1597 tenemus3
1319 1529 1388 1587 tum
1406 1523 1476 1605 qui-

336 1632 408 1696 dem
430 1633 549 1696 recenti
577 1630 672 1696 etiam
694 1631 821 1696 victuris
845 1629 917 1696 odio
940 1630 988 1695 illi
1011 1651 1067 1696 suo
1090 1631 1158 1695 iure
1180 1635 1293 1713 putare
1320 1635 1476 1713 poterant,

337 1739 473 1823 primum
496 1759 564 1804 esse
586 1735 670 1802 diem
693 1741 837 1804 exertum
860 1737 1011 1804 Graeciae
1033 1736 1205 1820 libertatis..

425 1843 568 1928 Denique
592 1843 809 1927 neglexerunt,
835 1847 869 1910 ni
891 1843 994 1922 fallor,
1016 1844 1076 1908 viri
1100 1844 1183 1911 docti
1207 1865 1316 1922 unum,
1343 1844 1477 1927 quodsi

337 1952 561 2035 respexissent,
588 1951 684 2016 talem
711 1971 816 2017 rerum
839 1952 993 2028 ordinem,
1021 1952 1145 2036 qualem
1172 1957 1365 2028 statuerunt,
1392 1959 1476 2017 certe

337 2057 536 2124 dubitassent
562 2061 708 2123 statuere.
759 2057 843 2124 Muri
854 2059 879 2142 4)
907 2059 992 2124 enim
1015 2058 1067 2144 qui
1094 2064 1243 2142 poterant
1270 2059 1354 2124 intra
1380 2081 1478 2123 unum

338 2171 370 2232 et
400 2166 538 2231 alterum
565 2164 650 2230 diem
676 2165 779 2230 dirui?
833 2165 872 2230 Id
899 2166 985 2230 nulle
1017 2173 1109 2250 pacto
1142 2171 1207 2232 tam
1239 2166 1381 2232 celeriter
1408 2163 1477 2230 fieri

336 2273 490 2357 potuisse,
517 2270 609 2338 facile
636 2278 684 2338 est
710 2272 752 2338 ad
778 2271 1031 2356 intellegendum.
1082 2271 1206 2337 Sufficit
1233 2273 1316 2338 enim
1344 2293 1477 2337 comme·

337 2401 461 2445 merare
493 2400 587 2464 quam
622 2379 687 2444 late
723 2379 885 2463 patuerint
920 2380 1010 2444 muri.
1066 2378 1340 2463 Complectebatur
1371 2385 1477 2445 autern

338 2508 446 2553 eorum
474 2485 611 2551 ambitus
638 2507 700 2550 non
728 2487 830 2550 minus
857 2485 938 2550 CXL
966 2487 1077 2552 stadia
1128 2486 1233 2552 Piraei
1260 2507 1367 2551 murus
1395 2487 1478 2552 enim

338 2593 501 2678 sexaginta
527 2593 632 2658 stadia
654 2594 786 2658 circuitu
813 2592 944 2676 patebat
967 2593 1077 2679 (Thne.
1102 2593 1142 2671 ΙΙ,
1168 2595 1217 2670 13,
1241 2594 1289 2678 1);
1317 2615 1477 2658 ωιιιοιιιιιι

338 2701 502 2784 longorum
538 2706 706 2782 utrumque
745 2699 925 2766 bracehium
961 2701 1173 2784 quadraginta
1207 2700 1312 2765 stadia
1351 2700 1478 2782 lengum

338 2813 413 2873 erat.
423 2809 449 2891 Ι)
496 2805 562 2870 lam
585 2827 658 2870 vere
681 2806 785 2872 Piraei
808 2807 890 2871 muri
914 2829 1008 2891 quam
1030 2805 1169 2873 firmiet
1192 2806 1283 2871 solidi
1308 2806 1477 2883 1ιιει1ιιι,ε

337 2912 520 2996 Thucydide
543 2911 585 2998 (l,
608 2911 723 2999 93)in
723 2913 892 2997 tellegitur.
937 2914 1093 2980 Videntur
1119 2921 1224 2980 autem
1252 2913 1388 2978 sedecim
1411 2912 1478 2977 fere

337 3020 518 3104 pedestr
461 3018 532 3095 lati,
560 3019 693 3102 triginta
715 3019 773 3084 alti
795 3019 902 3097 fuisse;
913 3023 940 3106 ³)
968 3043 1129 3086 murorum
1156 3022 1322 3106 longorum
1344 3020 1389 3084 alt
1376 3025 1478 3085 terum

338 3125 589 3192 braechiumt
541 3130 589 3190 mt
589 3147 626 3191 ra
649 3132 800 3211 quattuor
822 3147 919 3192 annos
938 3133 1132 3194 exstructum
1155 3132 1231 3192 erat.
1239 3127 1267 3214 ⁴)
1304 3127 1391 3192 Haec
1412 3126 1478 3192 suf·

338 3231 456 3309 finiunt,
478 3236 514 3296 ut
537 3237 628 3296 tanta
651 3254 748 3316 opera
769 3253 833 3298 non
861 3255 958 3317 parvo
981 3235 1131 3318 temperis
1154 3255 1210 3318 spa
1211 3235 1256 3299 tie
1211 3234 1350 3300 tdest
1336 3233 1400 3298 trui
1422 3255 1479 3317 pe-

338 3340 437 3405 tuisse
454 3338 577 3404 eluceat
582 3363 591 3417 ;
611 3345 706 3424 atque
721 3340 932 3406 bonsideranti
950 3341 1146 3424 mihiquem
1163 3342 1250 3425 longi
1268 3341 1417 3424 temperis
1436 3340 1480 3406 sit

339 3451 448 3512 nestra
469 3447 539 3529 ipsa
555 3446 707 3514 memoria
725 3447 841 3513 similia
858 3467 956 3532 opera
973 3445 1132 3531 perficere,
1154 3470 1217 3513 non
1236 3455 1302 3513 tam
1319 3447 1479 3515 nonnullis

386 3575 549 3582 -ῆῇ

429 3625 448 3690 ¹)
466 3624 560 3678 Muros
579 3639 641 3679 eum
660 3622 729 3690 dice,
753 3623 934 3694 intellegendi
957 3632 1020 3680 sunt
1042 3624 1118 3696 lengi
1137 3624 1206 3680 muri
1230 3624 1331 3695 quique
1350 3624 1479 3681 Piraeum

337 3710 474 3782 cingebat.
511 3711 547 3766 cl.
565 3711 643 3782 pacis
662 3713 866 3770 documentum:
886 3708 1080 3785 καββαλόντες
1098 3709 1148 3770 τὸν
1167 3715 1289 3785 Πειραιᾶ
1308 3715 1355 3768 καὶ
1373 3709 1409 3768 τὰ
1426 3733 1476 3782 μα-

338 3796 393 3870 κρὰ
412 3797 498 3870 σκέλη
518 3842 524 3855 .
541 3844 546 3855 .
563 3844 591 3855 ..
611 3797 663 3856 τὰν
685 3797 802 3874 εἰράναν
825 3796 916 3872 ἔχοιτε
940 3802 1021 3872 (Plut.
1040 3804 1104 3875 Lys.
1125 3805 1206 3868 XIV).
1249 3803 1318 3858 Xan.
1338 3803 1370 3856 H.
1391 3802 1423 3857 G.
1442 3803 1479 3870 ΙΙ,

338 3891 362 3954 2,
382 3889 417 3943 20
439 3883 474 3942 τά
496 3907 528 3943 τε
550 3887 647 3962 μακρὰ
670 3891 747 3962 τείχη
771 3894 818 3946 καί
842 3888 892 3948 τὸν
916 3892 1037 3963 Πειραιᾶ
1060 3888 1244 3956 καθελόντας.
1287 3891 1372 3946 Tbue.
1391 3891 1424 3956 V,
1443 3893 1480 3946 26

338 3971 372 4031 τὰ
390 3972 487 4048 μακρὰ
505 3979 582 4049 τείχη
597 3981 645 4034 καί
663 3976 714 4034 τὸν
729 3981 851 4054 Πειραιᾶ
869 3979 1035 4053 κατέλαβον.
1061 3976 1089 4035 Ὀ
1104 3976 1256 4052 Πειραιεύς
1274 3987 1367 4036 antem
1385 3995 1480 4035 omnes

338 4064 503 4121 munitionen
522 4067 613 4124 Piraei
632 4068 778 4140 significat.
815 4071 878 4141 Lys.
898 4070 977 4136 XIII,
999 4071 1033 4125 14
1051 4059 1103 4125 dle
1121 4065 1156 4124 τὰ
1181 4065 1278 4140 μακρὰ
1297 4068 1374 4139 τείχη
1394 4087 1480 4124 κατα-

338 4149 448 4226 σκάψαι
466 4198 473 4210 .
489 4199 494 4210 .
510 4199 516 4210 .
533 4200 538 4210 .
558 4160 606 4212 καί
625 4153 658 4214 τὸ
677 4161 743 4230 περὶ
761 4155 812 4215 τὸν
831 4159 953 4230 Πειραιᾶ
972 4165 1064 4229 τεῖχος
1082 4162 1231 4230 περιελεῖν.

428 4244 448 4311 4)
468 4246 651 4302 Wachsmuth
671 4249 715 4304 dr'e
733 4249 816 4304 stadt
833 4249 926 4304 Arrun
944 4250 964 4303 I.
983 4266 1009 4318 p.
1029 4249 1089 4304 334.

428 4334 448 4394 ³l
469 4335 578 4391 Curtius
597 4337 637 4392 11⁴
654 4355 680 4407 p.
702 4339 750 4394 111
773 4345 802 4392 et
820 4339 883 4394 adn.
902 4339 945 4394 51.

427 4425 448 4489 4)
467 4425 647 4484 Waehsmuth
666 4443 692 4500 p.
712 4428 772 4484 557.
791 4427 852 4484 558.
