3272 4920
342 360 401 419 rra
774 395 814 402 --
862 360 946 440 [root
993 394 1036 403 -

338 544 484 608 dictiones
503 567 601 627 peaes
628 595 635 608 .
659 593 665 606 .
688 594 694 606 .
719 545 791 628 §27
816 567 950 629 quonam
972 546 1070 630 igitar
1098 548 1188 608 modo
1211 547 1375 610 audiretur
1397 547 1475 628 My-

336 670 388 712 ous
410 656 465 711 σοι
487 647 599 731 Ρύνμυ
621 647 781 711 Athama?

422 752 567 816 Alterum
589 759 697 816 autem
713 751 837 832 vitium,
863 752 896 816 ui
912 751 1016 834 fallor,
1044 759 1155 818 restat.
1197 752 1281 818 Nam
1303 758 1475 836 postquam

336 854 518 936 eloquentia
546 875 587 920 ex
615 854 696 920 Asia
727 855 869 937 profecta
901 855 998 922 certis
1028 855 1152 938 Mysiae
1175 855 1336 940 Phrygiae
1358 853 1476 920 Cariae

336 957 518 1039 regionibus
548 957 729 1024 accuratius
759 957 941 1040 significata
970 967 1034 1040 est,
1067 958 1267 1042 ineptissime
1296 957 1425 1024 additur
1457 951 1476 1042 i}

335 1057 512 1145 βάρβαρον
538 1060 768 1144 appellativum
796 1061 839 1125 ad
868 1062 998 1126 nomina
1024 1062 1170 1146 propria,
1202 1063 1289 1127 notio
1318 1061 1476 1127 latissime

336 1171 450 1248 pateus
473 1164 514 1229 ad
537 1164 619 1229 alias
642 1165 715 1250 ipsa
738 1165 994 1249 comprehensas,
1020 1165 1129 1230 ieiuna
1142 1165 1256 1230 amem
1276 1173 1348 1250 post
1362 1165 1475 1230 Asiam

336 1267 532 1352 appellatam
563 1274 596 1333 et
624 1288 753 1352 prorsus
781 1288 993 1352 supervacua.
1040 1267 1171 1334 Accedit
1197 1268 1283 1351 quod
1312 1275 1474 1335 ternorum

335 1373 546 1436 membrorum
577 1371 742 1455 responsio
770 1367 918 1458 Ἀττική,
952 1366 1086 1457 ἀρχαία,
1122 1367 1317 1452 αύτύχθωνε
1354 1367 1472 1456 staua,

337 1478 478 1559 Φρυγία,
513 1472 664 1559 Καρικόν
685 1475 785 1539 verba
806 1469 827 1560 ἢ
846 1472 1023 1561 βάρβαρον
1051 1474 1196 1541 damnat.
1243 1475 1293 1540 Ne
1316 1475 1426 1554 multa,
1453 1469 1476 1559 ἢ

335 1573 511 1661 μάρμαρον
542 1577 704 1660 glossema
737 1583 787 1643 est
820 1577 1014 1663 adscriptum
1049 1578 1093 1644 ad
1125 1579 1224 1668 verba
1259 1571 1276 1664 ἢ
1308 1573 1470 1662 Καρικόν.

335 1679 421 1745 Sane
444 1679 544 1746 (lares
566 1677 858 1767 βαρβαροφώνους
879 1681 954 1746 iude
976 1682 1017 1746 ab
1040 1682 1178 1747 Homero
1198 1687 1328 1765 praeter
1350 1688 1475 1746 eeteros

335 1802 408 1848 esse
437 1784 591 1849 barbaros
620 1784 746 1850 habitos
776 1805 847 1850 eum
876 1785 934 1850 alii
962 1785 1025 1850 loci
1054 1784 1171 1852 docent
1198 1793 1265 1850 tum
1295 1784 1359 1860 illi,
1393 1803 1475 1867 quos

335 1886 521 1953 Theodorus
534 1888 693 1970 Bergkius
705 1888 850 1953 laudavit
867 1875 1094 1967 „Griechische
1106 1887 1471 1972 Literaturgeschiehte“

336 2012 368 2075 p.
388 1994 440 2054 34.
461 1996 514 2054 45.

420 2115 454 2178 p.
473 2098 594 2159 lllrrss
619 2095 687 2158 Καὶ
703 2089 743 2160 ού
759 2089 842 2159 καθ’
858 2096 894 2160 ἓν
909 2094 991 2171 ἴσως
1007 2101 1106 2160 τοῦτο
1122 2093 1229 2178 μόνον
1244 2093 1398 2160 ἐπαινεῖν
1413 2090 1475 2158 τὸν

337 2195 492 2282 παρόντα
529 2195 654 2284 χρόνον
686 2199 744 2263 καὶ
777 2197 855 2274 τούς
889 2199 1233 2284 συμφιλοσοφοῦντας
1267 2193 1475 2283 ἀνθρώπους

335 2297 446 2383 ἄξιον,
474 2295 527 2366 ὅτι
548 2299 590 2365 τὰ
612 2307 750 2386 κρείττω
774 2299 953 2386 τιμιώτερα
980 2313 1093 2367 ποιεῖν
1123 2309 1187 2367 τών
1216 2298 1381 2387 χειρόνων
1402 2295 1423 2386 η’
1430 2325 1476 2386 ρ-

333 2405 458 2483 ξατο.
480 2456 487 2469 .
509 2455 515 2468 .
543 2399 619 2468 ἀλλ’
645 2400 697 2470 ὅτι
720 2406 776 2469 καλ
799 2417 938 2487 ταχεῖαν
960 2403 1020 2491 τὴν
1042 2403 1233 2492 μεταβολὴν
1253 2407 1310 2470 καὶ
1323 2400 1476 2492 μεγάλην

334 2505 394 2594 τὴν
422 2506 578 2572 ἐπίδοσιν
607 2502 718 2573 αύτιῖιν
740 2506 973 2593 παρεσκεύασε
996 2514 1159 2593 γενέσθαι
1181 2511 1231 2574 M:
1265 2503 1407 2595 ἤρξαντο
1431 2509 1470 2572 ll.

334 2612 439 2676 Verba
466 2612 584 2677 tradita
614 2607 737 2698 ἤρξατο
767 2620 800 2678 et
828 2609 1078 2696 παρεσκεύασε,
1112 2633 1194 2694 quae
1223 2612 1399 2678 certissime
1429 2611 1474 2678 ad

333 2733 431 2778 uuum
455 2719 576 2780 tantum
601 2715 835 2780 substantivum
857 2713 927 2798 ludu
949 2711 1115 2800 παρόντα)
1141 2713 1301 2800 χρόνον
1323 2715 1469 2799 redeunt,

333 2825 439 2882 cetera
461 2820 571 2896 verba,
596 2819 711 2900 quibus
733 2818 816 2883 illud
838 2819 1040 2884 coniunctum
1064 2819 1190 2902 legitur,
1217 2819 1274 2883 καὶ
1293 2817 1371 2895 τοὺς
1387 2841 1474 2902 συμ-

334 2920 611 3006 φιλοσοφοῦντας
635 2915 841 3006 ἀνθρώπους
863 2922 895 2987 in
918 2923 1141 3005 gravissimam
1170 2922 1384 3008 suspicionem
1414 2943 1474 2988 vo-

334 3030 418 3103 cant,
444 3045 548 3108 neque
570 3024 691 3108 dubito,
719 3025 844 3090 etiamsi
864 3025 944 3090 nihil
959 3025 1049 3089 aliud
1063 3025 1238 3105 accederet,
1265 3027 1317 3091 vel
1333 3027 1373 3090 ob
1390 3025 1475 3090 hano

333 3145 462 3191 carosam
487 3129 596 3212 spuria
618 3148 657 3192 ea
679 3129 835 3194 iudicare.
882 3129 995 3210 Neque
1018 3128 1102 3193 enim
1126 3127 1185 3192 hoc
1206 3129 1249 3193 ad
1267 3129 1472 3194 defendenda

333 3249 373 3292 ea
395 3232 537 3314 prolerre
559 3231 634 3296 lieet
657 3230 724 3296 lieri
747 3251 859 3314 posse,
893 3237 927 3294 ut
950 3231 1048 3296 verba
1071 3231 1162 3295 linita
1190 3229 1232 3294 ad
1261 3231 1364 3296 solum
1392 3232 1474 3296 sub-

333 3335 505 3399 stantivum
529 3331 655 3419 χρύνον
675 3335 867 3412 referantur,
892 3334 1011 3418 quippe
1033 3333 1118 3417 quod
1135 3333 1167 3399 iu
1184 3333 1244 3398 hau
1260 3343 1352 3419 parte
1367 3336 1473 3400 maio-

332 3438 376 3504 ris
399 3439 548 3504 momenti
570 3440 613 3503 sit
633 3459 729 3521 quam
753 3437 785 3502 oi
808 3439 1146 3524 συμφιλοσοφοῦντες
1169 3433 1368 3523 detorsuam
1393 3459 1471 3504 nam

334 3541 409 3608 talis
432 3549 591 3607 structura
614 3543 668 3606 vix
683 3541 808 3608 Graeca
831 3549 890 3622 est,
917 3541 1064 3626 Dionysii
1087 3548 1174 3606 certe
1194 3548 1333 3607 nonest.
1373 3541 1473 3606 Disti-

332 3647 483 3712 cultatem
505 3644 634 3710 infimae
656 3644 772 3710 aetatis
802 3644 919 3728 aliquis
949 3645 1048 3710 lector
1077 3645 1155 3710 satis
1184 3644 1364 3729 perspexit,
1396 3667 1471 3710 cum

332 3743 475 3834 ἤρξαντο
500 3769 556 3833 pro
581 3744 702 3835 ἤρξατο
725 3749 894 3826 scriberet;
922 3747 1007 3813 idem
1030 3767 1105 3813 vero
1128 3749 1213 3830 quod
1236 3747 1472 3833 παρεσκεύασε

332 3853 478 3935 reliquit,
513 3861 545 3918 et
572 3854 641 3937 ipse
670 3851 865 3933 singularem
896 3852 1063 3916 verborum
1099 3871 1265 3916 numerum
1294 3853 1471 3935 genuinum

331 3976 404 4022 esse
438 3957 562 4040 probat.
610 3957 758 4038 Pugnant
791 3961 898 4020 autem
932 3955 1031 4020 verba
1063 3954 1120 4018 καὶ
1153 3951 1231 4029 τοὺς
1259 3956 1471 4040 συμφιλοσο-

332 4067 482 4144 φοῦντας
505 4054 712 4146 ἀνθρώπους
735 4078 798 4124 non
821 4060 923 4124 solum
940 4078 1011 4124 cum
1028 4057 1237 4142 grammatica
1251 4058 1385 4134 ratione,
1410 4060 1470 4126 sed

331 4184 402 4228 cum
425 4172 492 4229 tota
514 4165 609 4230 otiam
634 4163 785 4247 prooemii
818 4162 1043 4247 dispositione,
1075 4183 1170 4244 otram
1199 4162 1268 4246 ipse
1294 4162 1471 4246 Dionysius

333 4287 404 4350 cap.
431 4273 441 4328 l
466 4267 508 4331 in.
536 4267 696 4348 signifieat
754 4267 833 4330 'l'res
856 4265 939 4329 euim
965 4273 1039 4330 sunt
1063 4273 1180 4348 partae,
1207 4284 1339 4346 qrrrtrum
1365 4267 1469 4350 psoium
