3280 4934
331 311 377 450 sa
777 423 817 430 -
867 384 940 468 [sc]
987 422 1028 430 -

333 602 424 644 snum
441 586 538 663 atque
556 578 803 662 fragmentorum
821 581 900 646 ordo
913 581 952 658 ,in
970 578 1098 646 Stobaei
1116 578 1271 662 florilegio
1288 579 1473 663 plenumque

333 685 478 770 congruit
513 707 582 752 cum
615 688 731 752 nostris
763 686 899 772 syllogis
957 686 1006 752 Ea
1036 693 1142 754 autem
1174 687 1311 752 disticha
1340 705 1422 768 quae
1453 706 1475 750 a

334 792 469 880 Stobaeo
501 793 678 878 Theoguidi
714 793 911 872 tribuuntur,
947 795 1003 859 sed
1039 793 1072 858 in
1105 794 1220 860 nostris
1251 794 1379 878 syllogis
1410 813 1474 857 non

333 901 489 986 leguntur,
512 922 558 965 vv.
584 901 812 978 thal-1226,
834 901 867 966 in
886 900 970 967 loliis
992 899 1181 984 quibusdam
1203 907 1275 985 post
1297 900 1364 966 eius
1386 905 1474 966 aeta·

333 1013 398 1073 tem
429 1029 468 1073 ex
500 1008 607 1074 codice
639 1008 813 1091 deperditis
845 1009 1003 1074 exstitisse
1030 1008 1198 1076 verisimile
1226 1014 1282 1074 est.
1328 1007 1474 1091 Syllogae

334 1115 417 1180 enim
444 1113 558 1197 prioris
584 1115 698 1178 ultima
724 1113 815 1190 folia,
847 1115 978 1180 alterius
1005 1115 1108 1198 prima
1135 1114 1214 1181 lolia
1239 1136 1322 1181 nunc
1344 1115 1475 1198 periisse

334 1241 431 1304 supra
453 1242 483 1303 p.
507 1221 547 1285 71
572 1221 768 1286 coniecimus.

423 1326 544 1404 Quodsi
570 1347 607 1392 ea
634 1347 715 1410 quae
742 1327 899 1392 Iulianum
927 1333 959 1394 et
982 1327 1133 1412 Cyrillum
1160 1334 1268 1394 secuta
1294 1334 1343 1393 est
1369 1333 1475 1392 aetate

334 1439 459 1499 nostras
481 1435 669 1517 compositas
693 1455 761 1500 esse
784 1436 919 1520 syllogas
943 1435 1186 1520 exploravimus,
1213 1456 1270 1523 per
1291 1437 1385 1500 uilius
1407 1433 1474 1500 lere

335 1541 451 1605 saeculi
482 1541 682 1606 intervallum
718 1541 758 1606 ab
797 1543 921 1608 illorum
958 1549 1063 1607 aetate
1100 1564 1198 1627 usque
1229 1543 1271 1608 ad
1303 1540 1475 1607 Strbaeum

335 1647 501 1730 paullatim
532 1647 574 1712 ad
605 1669 674 1712 eam
707 1650 922 1716 condicionem
952 1649 1055 1734 redigi
1086 1655 1271 1734 potnerunt,
1302 1671 1365 1732 qua
1392 1671 1477 1713 nnnc

336 1759 480 1818 exaratas
513 1755 545 1818 in
577 1754 737 1820 codicibus
769 1756 952 1822 invenimus.
1007 1756 1123 1822 Utrum
1154 1757 1238 1822 enim
1269 1756 1376 1840 paullo
1403 1761 1477 1840 post

335 1860 532 1926 Athenaeum
554 1883 594 1926 an
618 1862 725 1946 paullo
748 1870 822 1929 ante
841 1862 1011 1930 Stobaeum
1030 1865 1176 1929 conditae
1194 1864 1266 1941 sint,
1289 1865 1341 1927 vix
1359 1863 1476 1928 diiudi-

335 1970 400 2034 cari
423 1974 535 2052 potest.
585 1969 702 2036 Multas
726 1991 801 2036 sane
824 1977 857 2036 et
879 1971 1069 2036 variationes
1092 1977 1125 2037 et
1147 1971 1382 2036 immutationes
1402 1989 1476 2052 per-

336 2096 517 2159 versamque
535 2073 694 2142 fortunam
717 2079 793 2160 quin
816 2086 965 2162 expertae
988 2079 1060 2155 sint,
1083 2084 1253 2162 antequam
1271 2077 1305 2143 in
1323 2099 1394 2142 sum
1412 2097 1476 2159 qno

335 2203 420 2246 nunc
441 2183 641 2248 inveniuntur
664 2191 782 2250 statum
804 2186 1034 2269 redigerentur,
1055 2184 1196 2250 dubitari
1213 2185 1331 2269 nequit.
1369 2183 1477 2266 Atque

335 2310 405 2354 cum
428 2288 562 2354 aliorum
584 2293 749 2374 petitarum
771 2290 949 2376 fragmenta
971 2293 1070 2373 magis
1093 2291 1253 2375 magisque
1276 2291 1403 2375 syllogis
1425 2291 1477 2354 in-

336 2402 529 2474 sererentur,
556 2397 652 2462 veluti
676 2398 892 2485 Phoeylidis1)
915 2398 1015 2463 Eueni
1039 2398 1217 2464 Mimnermi
1246 2398 1393 2476 aliorum,
1421 2398 1476 2480 qui

338 2502 445 2586 elegiis
477 2504 648 2571 condendis
680 2504 755 2570 olim
786 2504 913 2570 laudem
944 2505 1004 2570 sibi
1037 2513 1308 2588 comparaverant,
1339 2505 1477 2587 genuina

337 2609 529 2694 Theognidis
548 2612 687 2676 carmina
704 2610 964 2690 obscurabantur,
987 2633 1089 2695 neque
1108 2619 1236 2695 postera
1252 2619 1340 2676 aetas
1359 2611 1477 2676 discer-

337 2717 446 2794 nebat,
482 2739 562 2801 quae
594 2717 770 2802 Theognidi
801 2719 970 2784 tribuenda
1002 2725 1119 2794 essent,
1151 2740 1232 2802 quae
1264 2719 1335 2784 aliis
1366 2719 1477 2802 potitis

337 2824 446 2908 Neque
470 2826 553 2890 enim
576 2825 660 2907 quod
682 2831 851 2910 praecepta
872 2826 1063 2910 Theognidis
1086 2826 1276 2892 carminibus
1300 2825 1479 2892 libidinosis

305 2975 307 2980 -
337 2931 550 2998 miscebantur
591 2931 770 2998 Mimnermi
812 2932 1008 3016 potissimum
1044 2937 1077 2996 et
1118 2932 1265 3010 aliorum,
1305 2933 1478 2998 adversarii

338 3039 500 3104 cuiusdam
524 3039 643 3104 calamo
666 3041 707 3104 ad
731 3041 843 3123 poetae
861 3039 1054 3123 Megarensis
1077 3039 1203 3105 laudem
1226 3045 1323 3123 atque
1346 3039 1478 3123 gloriam

338 3145 573 3211 diminuendam
596 3146 701 3230 parati
719 3168 789 3212 oum
807 3145 986 3212 Nietzschio
1009 3146 1183 3212 tribuerim.
1228 3145 1268 3210 Ei
1286 3145 1406 3212 scilicet
1424 3145 1479 3229 qui

338 3252 537 3318 collectiones
565 3254 812 3330 adornaverunt,
844 3254 1008 3320 clarissimi
1032 3253 1181 3336 cuiusque
1207 3257 1320 3337 potitae
1348 3252 1478 3336 elegiaci

340 3359 514 3424 carminum
536 3361 707 3442 specimina
730 3381 896 3444 congerere
919 3360 953 3426 in
976 3360 1080 3426 animo
1097 3359 1286 3438 habuerunt,
1309 3367 1341 3425 et
1358 3381 1428 3426 cum
1445 3360 1480 3426 iu

339 3465 523 3550 fragmentis
550 3465 759 3550 Theognideis
787 3467 877 3551 quasi
904 3465 1142 3533 fundamentum
1165 3467 1206 3532 ad
1234 3467 1385 3532 eiusmodi
1414 3467 1479 3532 col-

339 3572 504 3639 lectionem
527 3575 750 3639 exstruendam
771 3574 926 3640 invenisse
949 3573 1011 3639 sibi
1032 3574 1223 3652 viderentur,
1242 3575 1279 3637 'in
1302 3574 1380 3640 haec
1401 3574 1479 3639 alio-

339 3699 409 3744 rum
435 3682 599 3762 poetarum
622 3701 730 3746 versus
756 3680 994 3746 transtulerunt
1040 3681 1144 3764 Atque
1171 3681 1327 3746 amatoria
1353 3681 1481 3765 quidem

339 3786 480 3851 earmina
511 3808 573 3850 non
599 3787 641 3852 ab
668 3787 738 3872 ipso
764 3787 947 3872 Theognide
978 3787 1107 3854 condita
1134 3808 1201 3854 esse
1229 3787 1397 3853 verisimile
1424 3793 1481 3853 cst

341 3893 536 3976 Quamquam
559 3893 781 3981 Lentschius2)
805 3897 974 3962 mammam
996 3915 1103 3960 eorum
1126 3900 1248 3978 partem
1272 3893 1345 3960 huic
1366 3897 1481 3977 potitae

340 4001 401 4084 ipsi
423 4001 643 4066 vindicandam
672 4023 738 4068 esse
765 4003 938 4080 existimat,
965 4002 1081 4086 quippe
1109 4001 1184 4086 quia
1209 4000 1301 4068 facile
1328 3999 1397 4066 fieri
1423 4023 1482 4086 po-

344 4129 553 4136 ...μμ-κ...-

432 4181 449 4236 ἰ
469 4179 554 4232 Recte
577 4177 695 4234 fortasse
718 4179 875 4250 suspicatur
893 4178 1055 4236 Itinteleous
1079 4194 1107 4247 p.
1125 4179 1161 4234 34
1179 4177 1356 4248 ,Theognidis
1375 4177 1482 4250 Phocy·

340 4266 460 4334 lidisque
478 4273 629 4337 praecepta
646 4268 712 4324 olim
730 4286 784 4324 uuo
802 4266 897 4324 libello
916 4273 1012 4322 coacta
1031 4282 1091 4322 esse
1110 4273 1193 4335 atque
1212 4269 1395 4336 antiquatam
1410 4277 1481 4324 tem-

341 4370 407 4424 pore
426 4354 576 4410 coaluisse!

430 4445 450 4496 't
469 4444 498 4498 in
517 4445 614 4499 Philol.
636 4446 714 4500 XXX
734 4463 760 4516 p.
779 4445 839 4500 228.
