3304 4928
608 449 649 458 -
697 410 791 498 [231]
843 453 884 462 -
1281 418 1321 482 ω

266 608 327 672 Ηὶο
346 605 459 673 Suidas
482 629 553 672 oum
574 607 616 670 R⁰
639 627 702 672 non
725 607 825 672 tradit
847 608 935 692 prius
958 609 1112 675 scholium
1131 612 1254 698 (Vitii)
1279 613 1323 677 δι-

178 705 335 790 καστικός
357 751 401 762 -
425 711 572 798 ἐχρῶντο
597 705 672 778 ἀντὶ
694 711 836 800 ψήφων,
864 715 947 798 quod
971 717 1098 800 ineptiis
1121 724 1234 794 scatet,
1258 725 1324 783 tum

178 827 311 904 uterque
334 819 465 886 alterius
490 821 600 886 scholii
623 819 717 886 finem
740 822 921 886 mutilatum
940 820 1080 888 exhibet:
1104 815 1150 900 ὡς
1173 812 1236 889 οὖν
1254 832 1325 889 τῶν

178 927 418 1013 ψηφιζομένων
447 928 506 1012 (sio
533 926 629 992 otiam
656 928 741 1010 apud
765 927 896 993 Suidam
923 929 1137 1014 scribendum)
1166 922 1326 1016 cinysium

179 1031 423 1118 λαμβανόντων
464 1034 521 1099 καὶ
555 1029 846 1118 χειροτονούντων
879 1027 959 1113 τούς
991 1031 1147 1114 διελόντας
1178 1036 1323 1103 πλέονα.

178 1139 262 1224 Ergo
285 1140 444 1225 suppleuit
472 1142 504 1205 in
531 1141 624 1205 V⁰o⁰
646 1143 919 1224 grammaticaster
942 1143 1071 1228 quidam
1093 1143 1194 1209 uerbo
1217 1133 1326 1222 οὕτως

179 1239 336 1333 ω’νόμοοε
359 1240 421 1313 τὸν
446 1249 551 1335 δῆμον
574 1240 637 1313 τὸν
661 1239 729 1314 ἀπὸ
748 1255 819 1313 τῶν
839 1245 979 1333 κυάμων
997 1246 1221 1335 τρεφόμενον,
1244 1271 1325 1335 quae

178 1355 241 1420 iam
268 1356 360 1421 initio
387 1355 499 1422 soholii
527 1356 706 1440 explicandi
735 1377 830 1422 causa
857 1357 944 1422 diota
972 1363 1076 1435 erant3
1107 1379 1181 1422 nam
1209 1358 1263 1441 qui
1291 1359 1324 1422 iu

177 1461 237 1528 huo
264 1465 481 1529 enuntiatione
504 1465 586 1528 inest
614 1485 736 1528 sensus:
765 1465 840 1548 quia
870 1465 904 1528 in
931 1465 1055 1530 delectu
1082 1465 1325 1549 magistratuum

178 1574 210 1634 et
232 1570 430 1636 contionibus
453 1569 535 1636 tabis
556 1571 730 1636 utebantur
753 1578 785 1635 et
807 1570 882 1653 qnia
899 1570 1108 1655 suffragantes
1127 1594 1198 1636 oum
1218 1593 1324 1638 creme

177 1676 331 1754 solebant,
349 1679 404 1760 qui
421 1678 592 1761 plurimum
610 1678 686 1762 ipsis
705 1677 803 1743 dabat
817 1679 978 1762 pecuniae,
997 1701 1036 1744 ea
1050 1679 1089 1744 de
1104 1700 1198 1745 cause
1216 1679 1323 1744 fabas
1412 1701 1415 1708 ·

179 1785 462 1850 manducantem
485 1785 635 1868 populum
658 1785 817 1870 appellat?

268 1963 366 2029 Porro
389 1965 430 2028 ad
453 1985 480 2027 v.
504 1963 583 2029 210:

196 2088 217 2154 S
237 2111 259 2154 s.
280 2089 319 2172 gl.
342 2089 503 2172 Θαλφθῇ·
731 2088 772 2152 R:
1117 2087 1188 2153 VO:

576 2198 804 2278 καταθελχθῇ,
823 2218 920 2260 κατα·
976 2199 1322 2278 καταθαλφθῇπατα-

320 2324 378 2368 om.
576 2305 685 2386 πλαγῇ
732 2315 803 2379 ταῖς
855 2306 922 2366 λοι·
976 2306 1086 2385 πλαγῇ
1131 2313 1204 2376 ταῖς
1255 2304 1322 2365 λοι-

578 2408 714 2494 δορίαις,
978 2409 1119 2493 δορίαις,
1150 2405 1323 2472 τουτέστιν

978 2508 1037 2579 ἐὰν
1069 2504 1113 2600 νὴ
1146 2511 1215 2596 etto
1242 2513 1324 2598 μηδὲ

321 2645 380 2688 om.
720 2643 780 2686 om.
977 2617 1323 2708 παραχωρήοηλοιδο-

976 2723 1147 2812 ρούμενος.
1190 2719 1322 2804 Ἄλλως·

290 2835 485 2923 ἐξαπατηθῇ
689 2835 883 2922 ἐξαπατηθῇ
978 2828 1090 2917 ἀπάτη
1100 2827 1323 2922 ἀπατηθῇκα-

977 2938 1145 3028 ταπτὴξας
1172 2933 1233 3018 τὰς
1256 2945 1322 3005 λοι-

321 3035 380 3079 om.
720 3035 779 3081 0¹¹1·
978 3049 1091 3134 ὄορὶας
1113 3047 1278 3124 Κλέωνος.

175 3184 216 3258 τῇ
227 3183 299 3238 τολν
309 3169 523 3260 λόγωνπερι-
577 3182 617 3258 τῇ
627 3182 698 3238 τῶν
710 3170 922 3261 λόγωνπερι-

178 3284 293 3367 ‹tuouu-
579 3281 692 3366 δονεῖν·

265 3423 335 3488 Ηοο
363 3425 431 3488 loco
460 3424 574 3490 Suidas
603 3424 662 3488 etsi
690 3425 782 3488 initio
811 3424 938 3490 breuior
966 3429 1027 3500 est,
1059 3427 1170 3505 postea
1192 3421 1234 3486 ad
1261 3421 1323 3484 ΒΜ

175 3532 332 3613 adspiret3
365 3537 504 3596 cetorum
532 3523 645 3614 ἀπάτη
673 3538 748 3596 ante
775 3523 935 3618 ἇπατηθῇ
960 3533 991 3594 in
1024 3529 1081 3594 Va
1106 3527 1325 3612 dittographia

176 3644 283 3703 ortum
308 3642 363 3702 est.

1121 3229 1180 3273 om.

266 3814 317 3879 Ad
340 3835 367 3878 v.
391 3817 410 3880 8

217 3939 239 4005 S
259 3960 282 4002 a.
302 3938 343 4021 gl.
362 3941 480 4025 Δεῦρο
728 3939 766 4003 R:
1121 3935 1193 4002 1⁷9²

177 4040 523 4134 ἀντὶτοῦπληοὶαοον,
577 4049 908 4135 προοπληοίαοον,1)

178 4148 272 4239 ἐγγὺς
296 4152 384 4219 αρε.
579 4148 674 4242 ἐγγὺς
699 4152 788 4223 snos.
1124 4119 1183 4164 ⁰¹¹¹·

267 4386 286 4444 ’λ
305 4384 352 4449 ita,
371 4401 425 4439 non
440 4377 587 4454 πρόσελθ’.
604 4385 764 4455 πληολαοον
778 4389 803 4444 R
817 4387 912 4452 habet,
933 4403 966 4442 ex
982 4399 1036 4455 quo
1051 4381 1146 4438 codice
1161 4380 1328 4439 scholiorum

178 4473 206 4527 in
224 4473 339 4542 Equites
358 4473 508 4544 scripturae
527 4490 545 4528 u
564 4493 593 4530 ee
613 4480 738 4532 enotatas
758 4494 866 4534 mecum
888 4473 1103 4530 communicanit
1116 4474 1149 4528 R.
1165 4469 1328 4528 Schoellins.
