<?xml version="1.0" encoding="UTF-8"?>
<!DOCTYPE html PUBLIC "-//W3C//DTD XHTML 1.0 Transitional//EN"
    "http://www.w3.org/TR/xhtml1/DTD/xhtml1-transitional.dtd">
<html xmlns="http://www.w3.org/1999/xhtml" xml:lang="en" lang="en">
 <head>
  <title>
</title>
<meta http-equiv="Content-Type" content="text/html;charset=utf-8" />
  <meta name='ocr-system' content='tesseract 3.04.00' />
  <meta name='ocr-capabilities' content='ocr_page ocr_carea ocr_par ocr_line ocrx_word'/>
</head>
<body>
  <div class='ocr_page' id='page_1' title='image "./dissertationesp01stragoog_0458.png"; bbox 0 0 3262 4926; ppageno 0'>
   <div class='ocr_carea' id='block_1_1' title="bbox 619 416 832 474">
    <p class='ocr_par' dir='ltr' id='par_1_1' title="bbox 619 416 832 474">
     <span class='ocr_line' id='line_1_1' title="bbox 619 416 832 474; baseline 0.014 -4"><span class='ocrx_word' id='word_1_1' title='bbox 619 416 832 474; x_wconf 79' lang='lat'>-31-</span> 
     </span>
    </p>
   </div>
   <div class='ocr_carea' id='block_1_2' title="bbox 144 595 1319 891">
    <p class='ocr_par' dir='ltr' id='par_1_2' title="bbox 144 595 1319 891">
     <span class='ocr_line' id='line_1_2' title="bbox 158 595 1298 686; baseline -0.007 -18"><span class='ocrx_word' id='word_1_2' title='bbox 158 604 257 670; x_wconf 88' lang='lat' dir='ltr'>Poeta</span> <span class='ocrx_word' id='word_1_3' title='bbox 270 602 371 686; x_wconf 83' lang='lat' dir='ltr'>igitur</span> <span class='ocrx_word' id='word_1_4' title='bbox 385 602 413 668; x_wconf 89' lang='lat' dir='ltr'>si</span> <span class='ocrx_word' id='word_1_5' title='bbox 430 619 543 669; x_wconf 86' lang='lat' dir='ltr'>versus</span> <span class='ocrx_word' id='word_1_6' title='bbox 558 604 633 666; x_wconf 86' lang='grc'>035.</span> <span class='ocrx_word' id='word_1_7' title='bbox 652 603 671 664; x_wconf 84' lang='grc'>0</span> <span class='ocrx_word' id='word_1_8' title='bbox 687 600 882 684; x_wconf 83' lang='lat' dir='ltr'>scripsisset,</span> <span class='ocrx_word' id='word_1_9' title='bbox 897 617 1054 663; x_wconf 86' lang='lat' dir='ltr'>summam</span> <span class='ocrx_word' id='word_1_10' title='bbox 1070 595 1298 680; x_wconf 82' lang='lat' dir='ltr'>disputationis</span> 
     </span>
     <span class='ocr_line' id='line_1_3' title="bbox 144 699 1292 789; baseline -0.003 -19"><span class='ocrx_word' id='word_1_11' title='bbox 144 706 223 770; x_wconf 68' lang='lat' dir='ltr'>&#39;vim</span> <span class='ocrx_word' id='word_1_12' title='bbox 245 707 278 770; x_wconf 94' lang='lat' dir='ltr'>in</span> <span class='ocrx_word' id='word_1_13' title='bbox 302 707 364 786; x_wconf 89' lang='lat' dir='ltr'>eis,</span> <span class='ocrx_word' id='word_1_14' title='bbox 396 725 479 789; x_wconf 86' lang='lat' dir='ltr'>quae</span> <span class='ocrx_word' id='word_1_15' title='bbox 508 705 573 768; x_wconf 86' lang='lat' dir='ltr'>iarn</span> <span class='ocrx_word' id='word_1_16' title='bbox 596 703 799 788; x_wconf 86' lang='lat' dir='ltr'>expositurus</span> <span class='ocrx_word' id='word_1_17' title='bbox 822 708 924 781; x_wconf 85' lang='lat' dir='ltr'>esset,</span> <span class='ocrx_word' id='word_1_18' title='bbox 957 699 1080 767; x_wconf 86' lang='lat' dir='ltr'>versari</span> <span class='ocrx_word' id='word_1_19' title='bbox 1102 699 1292 770; x_wconf 82' lang='lat' dir='ltr'>censuisset,</span> 
     </span>
     <span class='ocr_line' id='line_1_4' title="bbox 160 801 1319 891; baseline -0.008 -17"><span class='ocrx_word' id='word_1_20' title='bbox 160 828 200 874; x_wconf 89' lang='lat' dir='ltr'>ea</span> <span class='ocrx_word' id='word_1_21' title='bbox 228 817 354 888; x_wconf 84' lang='lat' dir='ltr'>autem,</span> <span class='ocrx_word' id='word_1_22' title='bbox 387 829 471 891; x_wconf 87' lang='lat' dir='ltr'>quae</span> <span class='ocrx_word' id='word_1_23' title='bbox 500 807 541 873; x_wconf 89' lang='lat' dir='ltr'>de</span> <span class='ocrx_word' id='word_1_24' title='bbox 570 806 761 874; x_wconf 81' lang='lat' dir='ltr'>aeternitate</span> <span class='ocrx_word' id='word_1_25' title='bbox 790 825 829 872; x_wconf 89' lang='lat' dir='ltr'>ae</span> <span class='ocrx_word' id='word_1_26' title='bbox 862 804 1024 871; x_wconf 79' lang='lat' dir='ltr'>soliditate</span> <span class='ocrx_word' id='word_1_27' title='bbox 1052 801 1319 888; x_wconf 84' lang='lat' dir='ltr'>primordiorum¹</span> 
     </span>
    </p>
   </div>
   <div class='ocr_carea' id='block_1_3' title="bbox 160 1063 1312 4403">
    <p class='ocr_par' dir='ltr' id='par_1_3' title="bbox 308 1063 962 1138">
     <span class='ocr_line' id='line_1_5' title="bbox 308 1063 962 1138; baseline -0.009 -18"><span class='ocrx_word' id='word_1_28' title='bbox 308 1069 372 1138; x_wconf 79' lang='lat' dir='ltr'>sete</span> <span class='ocrx_word' id='word_1_29' title='bbox 386 1067 464 1136; x_wconf 75' lang='lat' dir='ltr'>perit</span> <span class='ocrx_word' id='word_1_30' title='bbox 482 1066 583 1120; x_wconf 83' lang='lat' dir='ltr'>nitidos</span> <span class='ocrx_word' id='word_1_31' title='bbox 595 1068 695 1136; x_wconf 73' lang='lat' dir='ltr'>stupes</span> <span class='ocrx_word' id='word_1_32' title='bbox 713 1064 874 1134; x_wconf 76' lang='lat' dir='ltr'>arbustaque</span> <span class='ocrx_word' id='word_1_33' title='bbox 892 1063 962 1116; x_wconf 85' lang='lat' dir='ltr'>laete</span> 
     </span>
    </p>

    <p class='ocr_par' dir='ltr' id='par_1_4' title="bbox 246 1149 1114 1310">
     <span class='ocr_line' id='line_1_6' title="bbox 246 1149 1069 1222; baseline -0.005 -18"><span class='ocrx_word' id='word_1_34' title='bbox 246 1155 296 1204; x_wconf 78' lang='grc'>095</span> <span class='ocrx_word' id='word_1_35' title='bbox 315 1157 439 1222; x_wconf 74' lang='lat' dir='ltr'>otpertus</span> <span class='ocrx_word' id='word_1_36' title='bbox 456 1153 612 1214; x_wconf 76' lang='lat' dir='ltr'>temonem,</span> <span class='ocrx_word' id='word_1_37' title='bbox 631 1152 706 1220; x_wconf 80' lang='lat' dir='ltr'>parit</span> <span class='ocrx_word' id='word_1_38' title='bbox 724 1152 813 1204; x_wconf 80' lang='lat' dir='ltr'>omnia</span> <span class='ocrx_word' id='word_1_39' title='bbox 832 1149 920 1203; x_wconf 81' lang='lat' dir='ltr'>saeclo</span> <span class='ocrx_word' id='word_1_40' title='bbox 931 1151 1069 1218; x_wconf 72' lang='lat' dir='ltr'>ferorum,</span> 
     </span>
     <span class='ocr_line' id='line_1_7' title="bbox 311 1237 1114 1310; baseline -0.005 -18"><span class='ocrx_word' id='word_1_41' title='bbox 311 1239 416 1310; x_wconf 74' lang='lat' dir='ltr'>poberto</span> <span class='ocrx_word' id='word_1_42' title='bbox 435 1257 493 1291; x_wconf 84' lang='lat' dir='ltr'>eum</span> <span class='ocrx_word' id='word_1_43' title='bbox 507 1239 628 1308; x_wconf 79' lang='lat' dir='ltr'>praebet,</span> <span class='ocrx_word' id='word_1_44' title='bbox 650 1237 742 1308; x_wconf 78' lang='lat' dir='ltr'>quitus</span> <span class='ocrx_word' id='word_1_45' title='bbox 760 1255 850 1290; x_wconf 80' lang='lat' dir='ltr'>ornnes</span> <span class='ocrx_word' id='word_1_46' title='bbox 868 1253 983 1304; x_wconf 83' lang='lat' dir='ltr'>corpora</span> <span class='ocrx_word' id='word_1_47' title='bbox 998 1240 1114 1305; x_wconf 71' lang='lat' dir='ltr'>poscerant</span> 
     </span>
    </p>

    <p class='ocr_par' dir='ltr' id='par_1_5' title="bbox 215 1325 1040 1395">
     <span class='ocr_line' id='line_1_8' title="bbox 215 1325 1040 1395; baseline -0.005 -17"><span class='ocrx_word' id='word_1_48' title='bbox 215 1341 218 1346; x_wconf 88' lang='lat'>·</span> <span class='ocrx_word' id='word_1_49' title='bbox 317 1330 342 1378; x_wconf 82' lang='lat' dir='ltr'>et</span> <span class='ocrx_word' id='word_1_50' title='bbox 360 1325 463 1378; x_wconf 74' lang='lat' dir='ltr'>dulcem</span> <span class='ocrx_word' id='word_1_51' title='bbox 481 1325 581 1378; x_wconf 73' lang='lat' dir='ltr'>deerunt</span> <span class='ocrx_word' id='word_1_52' title='bbox 599 1325 681 1378; x_wconf 76' lang='lat' dir='ltr'>eitum</span> <span class='ocrx_word' id='word_1_53' title='bbox 696 1325 853 1395; x_wconf 74' lang='lat' dir='ltr'><em>prolemque</em></span> <span class='ocrx_word' id='word_1_54' title='bbox 867 1327 1026 1394; x_wconf 78' lang='lat' dir='ltr'>proprepant</span> <span class='ocrx_word' id='word_1_55' title='bbox 1032 1341 1040 1383; x_wconf 72' lang='grc'>,-</span> 
     </span>
    </p>

    <p class='ocr_par' dir='ltr' id='par_1_6' title="bbox 315 1408 1225 1566">
     <span class='ocr_line' id='line_1_9' title="bbox 316 1408 1225 1482; baseline -0.008 -18"><span class='ocrx_word' id='word_1_56' title='bbox 316 1416 526 1482; x_wconf 79' lang='lat' dir='ltr'>quapropter·</span> <span class='ocrx_word' id='word_1_57' title='bbox 544 1411 665 1464; x_wconf 80' lang='lat' dir='ltr'>rrrert‘to</span> <span class='ocrx_word' id='word_1_58' title='bbox 684 1416 872 1463; x_wconf 58' lang='lat' dir='ltr'>altaserram</span> <span class='ocrx_word' id='word_1_59' title='bbox 890 1427 1003 1466; x_wconf 83' lang='lat' dir='ltr'>rtornert</span> <span class='ocrx_word' id='word_1_60' title='bbox 1023 1408 1150 1476; x_wconf 82' lang='lat' dir='ltr'>adepto</span> <span class='ocrx_word' id='word_1_61' title='bbox 1168 1410 1225 1458; x_wconf 84' lang='lat' dir='ltr'>est.</span> 
     </span>
     <span class='ocr_line' id='line_1_10' title="bbox 315 1495 952 1566; baseline -0.005 -17"><span class='ocrx_word' id='word_1_62' title='bbox 315 1497 382 1550; x_wconf 77' lang='lat' dir='ltr'>cedit</span> <span class='ocrx_word' id='word_1_63' title='bbox 400 1499 461 1550; x_wconf 81' lang='lat' dir='ltr'>item</span> <span class='ocrx_word' id='word_1_64' title='bbox 480 1501 559 1560; x_wconf 85' lang='lat' dir='ltr'>retro,</span> <span class='ocrx_word' id='word_1_65' title='bbox 580 1497 613 1550; x_wconf 85' lang='lat' dir='ltr'>de</span> <span class='ocrx_word' id='word_1_66' title='bbox 631 1503 703 1549; x_wconf 82' lang='lat' dir='ltr'>terre</span> <span class='ocrx_word' id='word_1_67' title='bbox 722 1497 792 1566; x_wconf 84' lang='lat' dir='ltr'>quod</span> <span class='ocrx_word' id='word_1_68' title='bbox 803 1495 952 1566; x_wconf 70' lang='lat' dir='ltr'>salitante,</span> 
     </span>
    </p>

    <p class='ocr_par' dir='ltr' id='par_1_7' title="bbox 231 1583 576 1653">
     <span class='ocr_line' id='line_1_11' title="bbox 231 1583 576 1653; baseline 0.006 -19"><span class='ocrx_word' id='word_1_69' title='bbox 231 1585 296 1635; x_wconf 85' lang='grc'>1000</span> <span class='ocrx_word' id='word_1_70' title='bbox 315 1583 343 1637; x_wconf 79' lang='lat' dir='ltr'>s&#39;rr</span> <span class='ocrx_word' id='word_1_71' title='bbox 362 1589 449 1637; x_wconf 84' lang='lat' dir='ltr'>terroe</span> <span class='ocrx_word' id='word_1_72' title='bbox 467 1603 488 1636; x_wconf 85' lang='lat' dir='ltr'>e.</span> <span class='ocrx_word' id='word_1_73' title='bbox 510 1601 534 1653; x_wconf 79' lang='lat' dir='ltr'>q.</span> <span class='ocrx_word' id='word_1_74' title='bbox 555 1601 576 1637; x_wconf 86' lang='lat' dir='ltr'>s.</span> 
     </span>
    </p>

    <p class='ocr_par' dir='ltr' id='par_1_8' title="bbox 160 1667 1301 2168">
     <span class='ocr_line' id='line_1_12' title="bbox 161 1667 1298 1738; baseline -0.004 -16"><span class='ocrx_word' id='word_1_75' title='bbox 161 1667 267 1724; x_wconf 78' lang='lat' dir='ltr'>Aether</span> <span class='ocrx_word' id='word_1_76' title='bbox 288 1685 350 1724; x_wconf 87' lang='lat' dir='ltr'>oum</span> <span class='ocrx_word' id='word_1_77' title='bbox 373 1677 453 1738; x_wconf 86' lang='lat' dir='ltr'>pater</span> <span class='ocrx_word' id='word_1_78' title='bbox 477 1687 493 1725; x_wconf 87' lang='lat' dir='ltr'>a</span> <span class='ocrx_word' id='word_1_79' title='bbox 517 1675 600 1738; x_wconf 89' lang='lat' dir='ltr'>poeta</span> <span class='ocrx_word' id='word_1_80' title='bbox 626 1669 790 1737; x_wconf 79' lang='lat' dir='ltr'>appelletur,</span> <span class='ocrx_word' id='word_1_81' title='bbox 817 1683 984 1738; x_wconf 83' lang='lat' dir='ltr'>quamquem</span> <span class='ocrx_word' id='word_1_82' title='bbox 1007 1681 1064 1736; x_wconf 85' lang='lat' dir='ltr'>qua</span> <span class='ocrx_word' id='word_1_83' title='bbox 1088 1681 1117 1720; x_wconf 90' lang='lat' dir='ltr'>re</span> <span class='ocrx_word' id='word_1_84' title='bbox 1141 1673 1298 1733; x_wconf 82' lang='lat' dir='ltr'>patremne</span> 
     </span>
     <span class='ocr_line' id='line_1_13' title="bbox 160 1751 1300 1823; baseline -0.004 -14"><span class='ocrx_word' id='word_1_85' title='bbox 160 1761 297 1822; x_wconf 85' lang='lat' dir='ltr'>praestet,</span> <span class='ocrx_word' id='word_1_86' title='bbox 318 1771 374 1810; x_wconf 89' lang='lat' dir='ltr'>noo</span> <span class='ocrx_word' id='word_1_87' title='bbox 392 1762 435 1811; x_wconf 86' lang='lat' dir='ltr'>est</span> <span class='ocrx_word' id='word_1_88' title='bbox 452 1755 595 1819; x_wconf 87' lang='lat' dir='ltr'>additum,</span> <span class='ocrx_word' id='word_1_89' title='bbox 615 1755 734 1809; x_wconf 80' lang='lat' dir='ltr'>ridicula</span> <span class='ocrx_word' id='word_1_90' title='bbox 752 1760 796 1808; x_wconf 85' lang='lat' dir='ltr'>ost</span> <span class='ocrx_word' id='word_1_91' title='bbox 814 1754 863 1807; x_wconf 88' lang='lat' dir='ltr'>illa</span> <span class='ocrx_word' id='word_1_92' title='bbox 880 1752 1072 1823; x_wconf 81' lang='lat' dir='ltr'>parenthesis,</span> <span class='ocrx_word' id='word_1_93' title='bbox 1093 1766 1148 1821; x_wconf 88' lang='lat' dir='ltr'>qua</span> <span class='ocrx_word' id='word_1_94' title='bbox 1170 1767 1221 1805; x_wconf 90' lang='lat' dir='ltr'>suo</span> <span class='ocrx_word' id='word_1_95' title='bbox 1239 1751 1300 1805; x_wconf 85' lang='lat' dir='ltr'>iure</span> 
     </span>
     <span class='ocr_line' id='line_1_14' title="bbox 161 1837 1301 1910; baseline -0.004 -16"><span class='ocrx_word' id='word_1_96' title='bbox 161 1842 257 1896; x_wconf 83' lang='lat' dir='ltr'>matris</span> <span class='ocrx_word' id='word_1_97' title='bbox 273 1857 372 1896; x_wconf 88' lang='lat' dir='ltr'>nornen</span> <span class='ocrx_word' id='word_1_98' title='bbox 390 1847 492 1898; x_wconf 79' lang='lat' dir='ltr'>terrain</span> <span class='ocrx_word' id='word_1_99' title='bbox 510 1842 641 1910; x_wconf 85' lang='lat' dir='ltr'>adeptam</span> <span class='ocrx_word' id='word_1_100' title='bbox 659 1855 722 1895; x_wconf 86' lang='lat' dir='ltr'>esse</span> <span class='ocrx_word' id='word_1_101' title='bbox 743 1842 810 1903; x_wconf 71' lang='lat'>[9981</span> <span class='ocrx_word' id='word_1_102' title='bbox 832 1841 972 1905; x_wconf 84' lang='lat' dir='ltr'>doeemur,</span> <span class='ocrx_word' id='word_1_103' title='bbox 993 1839 1149 1906; x_wconf 86' lang='lat' dir='ltr'>misereque</span> <span class='ocrx_word' id='word_1_104' title='bbox 1168 1837 1301 1892; x_wconf 75' lang='lat' dir='ltr'>discindit</span> 
     </span>
     <span class='ocr_line' id='line_1_15' title="bbox 161 1923 1299 1996; baseline -0.004 -16"><span class='ocrx_word' id='word_1_105' title='bbox 161 1926 322 1996; x_wconf 81' lang='lat' dir='ltr'>magnificos</span> <span class='ocrx_word' id='word_1_106' title='bbox 339 1929 404 1982; x_wconf 90' lang='lat' dir='ltr'>illos</span> <span class='ocrx_word' id='word_1_107' title='bbox 422 1942 529 1982; x_wconf 85' lang='lat' dir='ltr'>versus.</span> <span class='ocrx_word' id='word_1_108' title='bbox 560 1927 711 1982; x_wconf 84' lang='lat' dir='ltr'>Praeterea</span> <span class='ocrx_word' id='word_1_109' title='bbox 729 1925 869 1992; x_wconf 88' lang='lat' dir='ltr'>attendas,</span> <span class='ocrx_word' id='word_1_110' title='bbox 890 1941 1002 1996; x_wconf 82' lang='lat' dir='ltr'>quaeso,</span> <span class='ocrx_word' id='word_1_111' title='bbox 1024 1941 1085 1978; x_wconf 89' lang='lat' dir='ltr'>oum</span> <span class='ocrx_word' id='word_1_112' title='bbox 1104 1923 1252 1978; x_wconf 85' lang='lat' dir='ltr'>Lucretius</span> <span class='ocrx_word' id='word_1_113' title='bbox 1270 1924 1299 1977; x_wconf 91' lang='lat' dir='ltr'>in</span> 
     </span>
     <span class='ocr_line' id='line_1_16' title="bbox 162 2009 1299 2083; baseline -0.002 -17"><span class='ocrx_word' id='word_1_114' title='bbox 162 2014 252 2083; x_wconf 87' lang='lat' dir='ltr'>quinti</span> <span class='ocrx_word' id='word_1_115' title='bbox 280 2014 344 2068; x_wconf 87' lang='lat' dir='ltr'>libri</span> <span class='ocrx_word' id='word_1_116' title='bbox 371 2013 499 2067; x_wconf 87' lang='lat' dir='ltr'>versibus</span> <span class='ocrx_word' id='word_1_117' title='bbox 527 2015 639 2064; x_wconf 74' lang='lat' dir='ltr'>Sti—:r</span> <span class='ocrx_word' id='word_1_118' title='bbox 668 2013 784 2068; x_wconf 86' lang='lat' dir='ltr'>eandem</span> <span class='ocrx_word' id='word_1_119' title='bbox 811 2011 976 2066; x_wconf 85' lang='lat' dir='ltr'>senteutiam</span> <span class='ocrx_word' id='word_1_120' title='bbox 1003 2009 1140 2082; x_wconf 81' lang='lat' dir='ltr'>proterat,</span> <span class='ocrx_word' id='word_1_121' title='bbox 1171 2010 1209 2066; x_wconf 86' lang='lat' dir='ltr'>ibi</span> <span class='ocrx_word' id='word_1_122' title='bbox 1238 2027 1299 2066; x_wconf 85' lang='lat' dir='ltr'>earu</span> 
     </span>
     <span class='ocr_line' id='line_1_17' title="bbox 162 2099 702 2168; baseline -0.002 -16"><span class='ocrx_word' id='word_1_123' title='bbox 162 2100 251 2168; x_wconf 79' lang='lat' dir='ltr'>magis</span> <span class='ocrx_word' id='word_1_124' title='bbox 270 2100 405 2168; x_wconf 86' lang='lat' dir='ltr'>insignem</span> <span class='ocrx_word' id='word_1_125' title='bbox 425 2101 566 2153; x_wconf 86' lang='lat' dir='ltr'>notionem</span> <span class='ocrx_word' id='word_1_126' title='bbox 584 2099 702 2154; x_wconf 88' lang='lat' dir='ltr'>habere:</span> 
     </span>
    </p>

    <p class='ocr_par' dir='ltr' id='par_1_9' title="bbox 351 2185 1118 2254">
     <span class='ocr_line' id='line_1_18' title="bbox 351 2185 1118 2254; baseline -0.003 -18"><span class='ocrx_word' id='word_1_127' title='bbox 351 2203 432 2254; x_wconf 82' lang='lat' dir='ltr'>quare</span> <span class='ocrx_word' id='word_1_128' title='bbox 450 2186 530 2238; x_wconf 81' lang='lat' dir='ltr'>etiem</span> <span class='ocrx_word' id='word_1_129' title='bbox 550 2190 629 2254; x_wconf 84' lang='lat' dir='ltr'>atque</span> <span class='ocrx_word' id='word_1_130' title='bbox 646 2185 727 2238; x_wconf 79' lang='lat' dir='ltr'>etiarn</span> <span class='ocrx_word' id='word_1_131' title='bbox 745 2189 892 2237; x_wconf 60' lang='lat' dir='ltr'>„meatim</span> <span class='ocrx_word' id='word_1_132' title='bbox 911 2199 1003 2236; x_wconf 79' lang='lat' dir='ltr'>nornen</span> <span class='ocrx_word' id='word_1_133' title='bbox 1021 2185 1118 2253; x_wconf 77' lang='lat' dir='ltr'>adeptu</span> 
     </span>
    </p>

    <p class='ocr_par' dir='ltr' id='par_1_10' title="bbox 351 2269 1070 2341">
     <span class='ocr_line' id='line_1_19' title="bbox 351 2269 1070 2341; baseline -0.003 -17"><span class='ocrx_word' id='word_1_134' title='bbox 351 2276 424 2324; x_wconf 86' lang='lat' dir='ltr'>terre</span> <span class='ocrx_word' id='word_1_135' title='bbox 444 2277 512 2324; x_wconf 82' lang='lat' dir='ltr'>terret</span> <span class='ocrx_word' id='word_1_136' title='bbox 529 2273 632 2334; x_wconf 78' lang='lat' dir='ltr'>merito,</span> <span class='ocrx_word' id='word_1_137' title='bbox 653 2271 775 2341; x_wconf 81' lang='lat' dir='ltr'>quonium</span> <span class='ocrx_word' id='word_1_138' title='bbox 793 2288 876 2340; x_wconf 70' lang='lat' dir='ltr'>penus</span> <span class='ocrx_word' id='word_1_139' title='bbox 893 2269 954 2340; x_wconf 75' lang='lat' dir='ltr'>ipso</span> <span class='ocrx_word' id='word_1_140' title='bbox 972 2271 1070 2322; x_wconf 76' lang='lat' dir='ltr'>errarit</span> 
     </span>
    </p>

    <p class='ocr_par' dir='ltr' id='par_1_11' title="bbox 162 2355 1303 3025">
     <span class='ocr_line' id='line_1_20' title="bbox 220 2355 1132 2426; baseline -0.005 -15"><span class='ocrx_word' id='word_1_141' title='bbox 220 2415 224 2424; x_wconf 63' lang='grc'><em>,</em></span> <span class='ocrx_word' id='word_1_142' title='bbox 350 2358 496 2410; x_wconf 70' lang='lat' dir='ltr'>burrianum</span> <span class='ocrx_word' id='word_1_143' title='bbox 514 2363 592 2426; x_wconf 82' lang='lat' dir='ltr'>atque</span> <span class='ocrx_word' id='word_1_144' title='bbox 610 2357 714 2410; x_wconf 80' lang='lat' dir='ltr'>ontrnel</span> <span class='ocrx_word' id='word_1_145' title='bbox 725 2373 813 2426; x_wconf 78' lang='lat' dir='ltr'>prope</span> <span class='ocrx_word' id='word_1_146' title='bbox 831 2362 901 2412; x_wconf 80' lang='lat' dir='ltr'>certo</span> <span class='ocrx_word' id='word_1_147' title='bbox 918 2361 1034 2425; x_wconf 64' lang='lat' dir='ltr'>tenpore</span> <span class='ocrx_word' id='word_1_148' title='bbox 1045 2355 1132 2426; x_wconf 74' lang='lat' dir='ltr'>fudit.</span> 
     </span>
     <span class='ocr_line' id='line_1_21' title="bbox 162 2440 1302 2512; baseline -0.001 -17"><span class='ocrx_word' id='word_1_149' title='bbox 162 2441 320 2512; x_wconf 81' lang='lat' dir='ltr'>Descripsit</span> <span class='ocrx_word' id='word_1_150' title='bbox 337 2443 409 2497; x_wconf 87' lang='lat' dir='ltr'>anim</span> <span class='ocrx_word' id='word_1_151' title='bbox 428 2442 555 2498; x_wconf 88' lang='lat' dir='ltr'>versibus</span> <span class='ocrx_word' id='word_1_152' title='bbox 569 2443 714 2504; x_wconf 73' lang='lat' dir='ltr'>tur-suu,</span> <span class='ocrx_word' id='word_1_153' title='bbox 736 2457 771 2496; x_wconf 87' lang='lat' dir='ltr'>ex</span> <span class='ocrx_word' id='word_1_154' title='bbox 784 2441 845 2510; x_wconf 84' lang='lat' dir='ltr'>ipsa</span> <span class='ocrx_word' id='word_1_155' title='bbox 858 2447 932 2496; x_wconf 89' lang='lat' dir='ltr'>tarra</span> <span class='ocrx_word' id='word_1_156' title='bbox 944 2440 1032 2508; x_wconf 84' lang='lat' dir='ltr'>prima</span> <span class='ocrx_word' id='word_1_157' title='bbox 1045 2440 1185 2495; x_wconf 86' lang='lat' dir='ltr'>hominum</span> <span class='ocrx_word' id='word_1_158' title='bbox 1198 2455 1302 2510; x_wconf 77' lang='lat' dir='ltr'>genera</span> 
     </span>
     <span class='ocr_line' id='line_1_22' title="bbox 164 2524 1301 2597; baseline 0 -17"><span class='ocrx_word' id='word_1_159' title='bbox 164 2534 224 2582; x_wconf 84' lang='lat' dir='ltr'>orta</span> <span class='ocrx_word' id='word_1_160' title='bbox 243 2543 313 2582; x_wconf 84' lang='lat' dir='ltr'>esse.</span> <span class='ocrx_word' id='word_1_161' title='bbox 352 2525 429 2582; x_wconf 84' lang='lat' dir='ltr'>Dicit</span> <span class='ocrx_word' id='word_1_162' title='bbox 446 2527 532 2596; x_wconf 83' lang='lat' dir='ltr'>igitur</span> <span class='ocrx_word' id='word_1_163' title='bbox 551 2527 678 2582; x_wconf 77' lang='lat' dir='ltr'>versibus</span> <span class='ocrx_word' id='word_1_164' title='bbox 697 2529 743 2580; x_wconf 81' lang='lat'>821</span> <span class='ocrx_word' id='word_1_165' title='bbox 766 2542 839 2597; x_wconf 60' lang='lat' dir='ltr'>sqq„</span> <span class='ocrx_word' id='word_1_166' title='bbox 865 2528 939 2596; x_wconf 88' lang='lat' dir='ltr'>quod</span> <span class='ocrx_word' id='word_1_167' title='bbox 964 2526 1107 2580; x_wconf 87' lang='lat' dir='ltr'>translatis</span> <span class='ocrx_word' id='word_1_168' title='bbox 1132 2524 1190 2580; x_wconf 84' lang='lat' dir='ltr'>tere</span> <span class='ocrx_word' id='word_1_169' title='bbox 1208 2526 1301 2581; x_wconf 84' lang='lat' dir='ltr'>verbis</span> 
     </span>
     <span class='ocr_line' id='line_1_23' title="bbox 164 2611 1301 2681; baseline -0.001 -14"><span class='ocrx_word' id='word_1_170' title='bbox 164 2614 218 2668; x_wconf 87' lang='lat' dir='ltr'>diei</span> <span class='ocrx_word' id='word_1_171' title='bbox 237 2614 341 2675; x_wconf 84' lang='lat' dir='ltr'>soleat,</span> <span class='ocrx_word' id='word_1_172' title='bbox 362 2620 464 2668; x_wconf 85' lang='lat' dir='ltr'>terram</span> <span class='ocrx_word' id='word_1_173' title='bbox 482 2621 599 2668; x_wconf 85' lang='lat' dir='ltr'>matrem</span> <span class='ocrx_word' id='word_1_174' title='bbox 624 2629 686 2667; x_wconf 88' lang='lat' dir='ltr'>esse</span> <span class='ocrx_word' id='word_1_175' title='bbox 711 2612 822 2666; x_wconf 87' lang='lat' dir='ltr'>humani</span> <span class='ocrx_word' id='word_1_176' title='bbox 847 2611 993 2680; x_wconf 82' lang='lat' dir='ltr'>generisi.</span> <span class='ocrx_word' id='word_1_177' title='bbox 1014 2625 1038 2666; x_wconf 87' lang='lat' dir='ltr'>e.</span> <span class='ocrx_word' id='word_1_178' title='bbox 1059 2613 1209 2676; x_wconf 83' lang='lat' dir='ltr'>nutricem,</span> <span class='ocrx_word' id='word_1_179' title='bbox 1236 2612 1301 2681; x_wconf 90' lang='lat' dir='ltr'>quia</span> 
     </span>
     <span class='ocr_line' id='line_1_24' title="bbox 164 2697 1303 2767; baseline -0.002 -14"><span class='ocrx_word' id='word_1_180' title='bbox 164 2701 296 2755; x_wconf 86' lang='lat' dir='ltr'>alimenta</span> <span class='ocrx_word' id='word_1_181' title='bbox 314 2699 457 2767; x_wconf 86' lang='lat' dir='ltr'>praebeat,</span> <span class='ocrx_word' id='word_1_182' title='bbox 479 2699 562 2754; x_wconf 87' lang='lat' dir='ltr'>idad</span> <span class='ocrx_word' id='word_1_183' title='bbox 581 2699 694 2754; x_wconf 82' lang='lat' dir='ltr'>verbum</span> <span class='ocrx_word' id='word_1_184' title='bbox 715 2704 790 2753; x_wconf 85' lang='lat' dir='ltr'>reete</span> <span class='ocrx_word' id='word_1_185' title='bbox 809 2697 873 2758; x_wconf 84' lang='lat' dir='ltr'>dici,</span> <span class='ocrx_word' id='word_1_186' title='bbox 895 2698 1035 2766; x_wconf 73' lang='lat' dir='ltr'>»quoniam</span> <span class='ocrx_word' id='word_1_187' title='bbox 1048 2713 1137 2766; x_wconf 85' lang='lat' dir='ltr'>genus</span> <span class='ocrx_word' id='word_1_188' title='bbox 1150 2698 1211 2766; x_wconf 88' lang='lat' dir='ltr'>ipsa</span> <span class='ocrx_word' id='word_1_189' title='bbox 1223 2713 1303 2753; x_wconf 83' lang='lat' dir='ltr'>erea-</span> 
     </span>
     <span class='ocr_line' id='line_1_25' title="bbox 164 2781 1300 2847; baseline 0 -11"><span class='ocrx_word' id='word_1_190' title='bbox 164 2786 207 2840; x_wconf 90' lang='lat' dir='ltr'>vit</span> <span class='ocrx_word' id='word_1_191' title='bbox 224 2785 393 2838; x_wconf 73' lang='lat' dir='ltr'>humanum«.</span> <span class='ocrx_word' id='word_1_192' title='bbox 432 2785 537 2839; x_wconf 83' lang='lat' dir='ltr'>Contra</span> <span class='ocrx_word' id='word_1_193' title='bbox 558 2785 607 2840; x_wconf 94' lang='lat' dir='ltr'>illo</span> <span class='ocrx_word' id='word_1_194' title='bbox 630 2784 745 2839; x_wconf 81' lang='lat' dir='ltr'>secundi</span> <span class='ocrx_word' id='word_1_195' title='bbox 771 2783 833 2838; x_wconf 85' lang='lat' dir='ltr'>libri</span> <span class='ocrx_word' id='word_1_196' title='bbox 857 2783 919 2836; x_wconf 84' lang='lat' dir='ltr'>loeo</span> <span class='ocrx_word' id='word_1_197' title='bbox 944 2783 978 2836; x_wconf 80' lang='lat' dir='ltr'>no</span> <span class='ocrx_word' id='word_1_198' title='bbox 1003 2798 1037 2837; x_wconf 90' lang='lat' dir='ltr'>eo</span> <span class='ocrx_word' id='word_1_199' title='bbox 1062 2798 1154 2838; x_wconf 86' lang='lat' dir='ltr'>sermo</span> <span class='ocrx_word' id='word_1_200' title='bbox 1181 2799 1235 2836; x_wconf 91' lang='lat' dir='ltr'>non</span> <span class='ocrx_word' id='word_1_201' title='bbox 1260 2781 1300 2847; x_wconf 90' lang='lat' dir='ltr'>fit,</span> 
     </span>
     <span class='ocr_line' id='line_1_26' title="bbox 163 2859 1300 2940; baseline 0.002 -18"><span class='ocrx_word' id='word_1_202' title='bbox 163 2859 252 2939; x_wconf 85' lang='lat' dir='ltr'>ipsam</span> <span class='ocrx_word' id='word_1_203' title='bbox 271 2877 372 2925; x_wconf 87' lang='lat' dir='ltr'>terrem</span> <span class='ocrx_word' id='word_1_204' title='bbox 391 2871 508 2940; x_wconf 89' lang='lat' dir='ltr'>primurn</span> <span class='ocrx_word' id='word_1_205' title='bbox 528 2869 668 2924; x_wconf 86' lang='lat' dir='ltr'>hominum</span> <span class='ocrx_word' id='word_1_206' title='bbox 686 2885 775 2938; x_wconf 84' lang='lat' dir='ltr'>genus</span> <span class='ocrx_word' id='word_1_207' title='bbox 793 2869 939 2937; x_wconf 83' lang='lat' dir='ltr'>genuisse,</span> <span class='ocrx_word' id='word_1_208' title='bbox 960 2870 1010 2923; x_wconf 85' lang='lat' dir='ltr'>sed</span> <span class='ocrx_word' id='word_1_209' title='bbox 1033 2884 1148 2938; x_wconf 80' lang='lat' dir='ltr'>pascere</span> <span class='ocrx_word' id='word_1_210' title='bbox 1165 2868 1300 2934; x_wconf 85' lang='lat' dir='ltr'>homines,</span> 
     </span>
     <span class='ocr_line' id='line_1_27' title="bbox 165 2955 917 3025; baseline -0.005 -15"><span class='ocrx_word' id='word_1_211' title='bbox 165 2957 231 3025; x_wconf 87' lang='lat' dir='ltr'>quia</span> <span class='ocrx_word' id='word_1_212' title='bbox 248 2958 340 3024; x_wconf 86' lang='lat' dir='ltr'>pariat</span> <span class='ocrx_word' id='word_1_213' title='bbox 358 2955 461 3025; x_wconf 83' lang='lat' dir='ltr'>fruges,</span> <span class='ocrx_word' id='word_1_214' title='bbox 482 2956 583 3024; x_wconf 90' lang='lat' dir='ltr'>quibus</span> <span class='ocrx_word' id='word_1_215' title='bbox 602 2956 642 3009; x_wconf 94' lang='lat' dir='ltr'>illi</span> <span class='ocrx_word' id='word_1_216' title='bbox 661 2956 771 3010; x_wconf 91' lang='lat' dir='ltr'>alantur</span> <span class='ocrx_word' id='word_1_217' title='bbox 794 2957 860 3016; x_wconf 71' lang='grc'>[000.</span> <span class='ocrx_word' id='word_1_218' title='bbox 883 2957 917 3015; x_wconf 65' lang='lat' dir='ltr'>i.</span> 
     </span>
    </p>

    <p class='ocr_par' dir='ltr' id='par_1_12' title="bbox 232 3039 1206 3111">
     <span class='ocr_line' id='line_1_28' title="bbox 232 3039 1206 3111; baseline -0.002 -14"><span class='ocrx_word' id='word_1_219' title='bbox 232 3042 292 3098; x_wconf 83' lang='lat' dir='ltr'>Nisi</span> <span class='ocrx_word' id='word_1_220' title='bbox 312 3039 402 3104; x_wconf 88' lang='lat' dir='ltr'>fallor,</span> <span class='ocrx_word' id='word_1_221' title='bbox 425 3058 459 3096; x_wconf 86' lang='lat' dir='ltr'>ex</span> <span class='ocrx_word' id='word_1_222' title='bbox 478 3042 577 3096; x_wconf 84' lang='lat' dir='ltr'>eodem</span> <span class='ocrx_word' id='word_1_223' title='bbox 596 3040 673 3096; x_wconf 83' lang='lat' dir='ltr'>tonte</span> <span class='ocrx_word' id='word_1_224' title='bbox 692 3041 737 3095; x_wconf 88' lang='lat' dir='ltr'>hio</span> <span class='ocrx_word' id='word_1_225' title='bbox 756 3057 854 3096; x_wconf 87' lang='lat' dir='ltr'>versus</span> <span class='ocrx_word' id='word_1_226' title='bbox 878 3040 921 3104; x_wconf 75' lang='lat' dir='ltr'>fll,</span> <span class='ocrx_word' id='word_1_227' title='bbox 943 3042 999 3106; x_wconf 70' lang='lat'>998]</span> <span class='ocrx_word' id='word_1_228' title='bbox 1023 3039 1103 3095; x_wconf 84' lang='lat' dir='ltr'>fluxit</span> <span class='ocrx_word' id='word_1_229' title='bbox 1121 3049 1206 3111; x_wconf 86' lang='lat' dir='ltr'>atqua</span> 
     </span>
    </p>

    <p class='ocr_par' dir='ltr' id='par_1_13' title="bbox 251 3125 1051 3612">
     <span class='ocr_line' id='line_1_29' title="bbox 651 3125 812 3191; baseline -0.006 -10"><span class='ocrx_word' id='word_1_230' title='bbox 651 3125 685 3191; x_wconf 92' lang='lat' dir='ltr'>V,</span> <span class='ocrx_word' id='word_1_231' title='bbox 707 3130 766 3180; x_wconf 78' lang='lat'>795.</span> <span class='ocrx_word' id='word_1_232' title='bbox 787 3129 812 3181; x_wconf 87' lang='lat'>6.</span> 
     </span>
     <span class='ocr_line' id='line_1_30' title="bbox 251 3213 614 3269; baseline 0.003 -4"><span class='ocrx_word' id='word_1_233' title='bbox 251 3217 300 3266; x_wconf 79' lang='lat' dir='ltr'>tuo</span> <span class='ocrx_word' id='word_1_234' title='bbox 318 3215 357 3269; x_wconf 80' lang='lat' dir='ltr'>ste</span> <span class='ocrx_word' id='word_1_235' title='bbox 374 3233 442 3269; x_wconf 84' lang='lat' dir='ltr'>nore</span> <span class='ocrx_word' id='word_1_236' title='bbox 459 3220 516 3268; x_wconf 83' lang='lat' dir='ltr'>tum</span> <span class='ocrx_word' id='word_1_237' title='bbox 535 3213 614 3267; x_wconf 86' lang='lat' dir='ltr'>tellus</span> 
     </span>
     <span class='ocr_line' id='line_1_31' title="bbox 601 3299 952 3352; baseline -0.006 0"><span class='ocrx_word' id='word_1_238' title='bbox 601 3299 728 3352; x_wconf 63' lang='lat' dir='ltr'>turnolio</span> <span class='ocrx_word' id='word_1_239' title='bbox 748 3299 835 3352; x_wconf 80' lang='lat' dir='ltr'>saeclo</span> <span class='ocrx_word' id='word_1_240' title='bbox 854 3299 952 3352; x_wconf 70' lang='lat' dir='ltr'>crearit</span> 
     </span>
     <span class='ocr_line' id='line_1_32' title="bbox 320 3385 950 3462; baseline -0.005 -23"><span class='ocrx_word' id='word_1_241' title='bbox 320 3386 403 3440; x_wconf 79' lang='lat' dir='ltr'>multa</span> <span class='ocrx_word' id='word_1_242' title='bbox 422 3387 505 3440; x_wconf 77' lang='lat' dir='ltr'>raedis</span> <span class='ocrx_word' id='word_1_243' title='bbox 523 3385 615 3440; x_wconf 78' lang='lat' dir='ltr'>multis</span> <span class='ocrx_word' id='word_1_244' title='bbox 633 3387 710 3439; x_wconf 69' lang='lat' dir='ltr'>verto</span> <span class='ocrx_word' id='word_1_245' title='bbox 728 3385 832 3462; x_wconf 75' lang='lat' dir='ltr'>ratione</span> <span class='ocrx_word' id='word_1_246' title='bbox 851 3389 950 3438; x_wconf 72' lang='lat' dir='ltr'>soora.</span> 
     </span>
     <span class='ocr_line' id='line_1_33' title="bbox 321 3470 1051 3542; baseline -0.004 -17"><span class='ocrx_word' id='word_1_247' title='bbox 321 3491 383 3525; x_wconf 84' lang='lat' dir='ltr'>nom</span> <span class='ocrx_word' id='word_1_248' title='bbox 402 3490 483 3542; x_wconf 71' lang='lat' dir='ltr'>raeque</span> <span class='ocrx_word' id='word_1_249' title='bbox 502 3473 534 3526; x_wconf 83' lang='lat' dir='ltr'>de</span> <span class='ocrx_word' id='word_1_250' title='bbox 552 3471 624 3526; x_wconf 80' lang='lat' dir='ltr'>eaelo</span> <span class='ocrx_word' id='word_1_251' title='bbox 643 3471 766 3526; x_wconf 77' lang='lat' dir='ltr'>cecidisse</span> <span class='ocrx_word' id='word_1_252' title='bbox 785 3470 917 3525; x_wconf 77' lang='lat' dir='ltr'>arrimott&#39;o</span> <span class='ocrx_word' id='word_1_253' title='bbox 931 3477 1051 3540; x_wconf 79' lang='lat' dir='ltr'>possunt,</span> 
     </span>
     <span class='ocr_line' id='line_1_34' title="bbox 321 3557 913 3612; baseline -0.005 -1"><span class='ocrx_word' id='word_1_254' title='bbox 321 3577 369 3611; x_wconf 83' lang='lat' dir='ltr'>nec</span> <span class='ocrx_word' id='word_1_255' title='bbox 387 3558 527 3611; x_wconf 80' lang='lat' dir='ltr'>terrestria</span> <span class='ocrx_word' id='word_1_256' title='bbox 546 3559 578 3612; x_wconf 81' lang='lat' dir='ltr'>de</span> <span class='ocrx_word' id='word_1_257' title='bbox 596 3558 674 3611; x_wconf 76' lang='lat' dir='ltr'>salsis</span> <span class='ocrx_word' id='word_1_258' title='bbox 691 3558 775 3611; x_wconf 71' lang='lat' dir='ltr'>exisse</span> <span class='ocrx_word' id='word_1_259' title='bbox 794 3557 913 3610; x_wconf 67' lang='lat' dir='ltr'>lacessas:</span> 
     </span>
    </p>

    <p class='ocr_par' dir='ltr' id='par_1_14' title="bbox 253 3633 1197 3972">
     <span class='ocr_line' id='line_1_35' title="bbox 253 3633 1197 3713; baseline 0.001 -20"><span class='ocrx_word' id='word_1_260' title='bbox 253 3645 301 3695; x_wconf 73' lang='lat'>795</span> <span class='ocrx_word' id='word_1_261' title='bbox 321 3633 515 3713; x_wconf 75' lang='lat' dir='ltr'>linquitur,</span> <span class='ocrx_word' id='word_1_262' title='bbox 535 3650 571 3698; x_wconf 83' lang='lat' dir='ltr'>ut</span> <span class='ocrx_word' id='word_1_263' title='bbox 588 3645 710 3696; x_wconf 80' lang='lat' dir='ltr'>merito</span> <span class='ocrx_word' id='word_1_264' title='bbox 728 3651 918 3697; x_wconf 74' lang='lat' dir='ltr'>araterrium</span> <span class='ocrx_word' id='word_1_265' title='bbox 937 3661 1053 3696; x_wconf 75' lang='lat' dir='ltr'>norrea</span> <span class='ocrx_word' id='word_1_266' title='bbox 1072 3643 1197 3713; x_wconf 79' lang='lat' dir='ltr'>orlepto</span> 
     </span>
     <span class='ocr_line' id='line_1_36' title="bbox 321 3730 1191 3799; baseline -0.003 -16"><span class='ocrx_word' id='word_1_267' title='bbox 321 3735 415 3783; x_wconf 87' lang='lat' dir='ltr'>terro</span> <span class='ocrx_word' id='word_1_268' title='bbox 433 3732 492 3794; x_wconf 75' lang='lat' dir='ltr'>eit,</span> <span class='ocrx_word' id='word_1_269' title='bbox 514 3748 527 3782; x_wconf 85' lang='lat' dir='ltr'>e</span> <span class='ocrx_word' id='word_1_270' title='bbox 546 3735 641 3784; x_wconf 86' lang='lat' dir='ltr'>terro</span> <span class='ocrx_word' id='word_1_271' title='bbox 660 3730 817 3799; x_wconf 76' lang='lat' dir='ltr'>quostiam</span> <span class='ocrx_word' id='word_1_272' title='bbox 836 3735 913 3782; x_wconf 73' lang='lat' dir='ltr'>serrat</span> <span class='ocrx_word' id='word_1_273' title='bbox 932 3735 1054 3782; x_wconf 77' lang='lat' dir='ltr'>cerreta</span> <span class='ocrx_word' id='word_1_274' title='bbox 1073 3735 1191 3782; x_wconf 63' lang='lat' dir='ltr'>creato</span> 
     </span>
     <span class='ocr_line' id='line_1_37' title="bbox 323 3814 1038 3885; baseline -0.004 -15"><span class='ocrx_word' id='word_1_275' title='bbox 323 3816 459 3885; x_wconf 74' lang='lat' dir='ltr'>attritoque</span> <span class='ocrx_word' id='word_1_276' title='bbox 476 3833 548 3869; x_wconf 83' lang='lat' dir='ltr'>nune</span> <span class='ocrx_word' id='word_1_277' title='bbox 566 3815 646 3870; x_wconf 74' lang='lat' dir='ltr'>etiem</span> <span class='ocrx_word' id='word_1_278' title='bbox 664 3814 780 3870; x_wconf 74' lang='lat' dir='ltr'>eau&#39;etrtnt</span> <span class='ocrx_word' id='word_1_279' title='bbox 797 3815 929 3869; x_wconf 76' lang='lat' dir='ltr'>animalia</span> <span class='ocrx_word' id='word_1_280' title='bbox 948 3815 1038 3878; x_wconf 77' lang='lat' dir='ltr'>terris,</span> 
     </span>
     <span class='ocr_line' id='line_1_38' title="bbox 320 3902 943 3972; baseline -0.005 -17"><span class='ocrx_word' id='word_1_281' title='bbox 320 3902 449 3957; x_wconf 65' lang='lat' dir='ltr'>imeretur</span> <span class='ocrx_word' id='word_1_282' title='bbox 467 3909 492 3955; x_wconf 83' lang='lat' dir='ltr'>et</span> <span class='ocrx_word' id='word_1_283' title='bbox 510 3903 596 3956; x_wconf 78' lang='lat' dir='ltr'>solido</span> <span class='ocrx_word' id='word_1_284' title='bbox 615 3902 678 3956; x_wconf 75' lang='lat' dir='ltr'>sotis</span> <span class='ocrx_word' id='word_1_285' title='bbox 696 3908 818 3957; x_wconf 80' lang='lat' dir='ltr'>concreto</span> <span class='ocrx_word' id='word_1_286' title='bbox 835 3920 943 3972; x_wconf 78' lang='lat' dir='ltr'>tepore.</span> 
     </span>
    </p>

    <p class='ocr_par' dir='ltr' id='par_1_15' title="bbox 167 3985 1312 4403">
     <span class='ocr_line' id='line_1_39' title="bbox 234 3985 1311 4057; baseline -0.003 -15"><span class='ocrx_word' id='word_1_287' title='bbox 234 3989 340 4044; x_wconf 86' lang='lat' dir='ltr'>Versus</span> <span class='ocrx_word' id='word_1_288' title='bbox 359 3992 417 4042; x_wconf 69' lang='lat' dir='ltr'>itti.</span> <span class='ocrx_word' id='word_1_289' title='bbox 440 3991 455 4040; x_wconf 87' lang='grc'>0</span> <span class='ocrx_word' id='word_1_290' title='bbox 475 3987 557 4044; x_wconf 82' lang='lat' dir='ltr'>foede</span> <span class='ocrx_word' id='word_1_291' title='bbox 575 3990 782 4057; x_wconf 86' lang='lat' dir='ltr'>interrumpunt</span> <span class='ocrx_word' id='word_1_292' title='bbox 799 3987 1086 4056; x_wconf 80' lang='lat' dir='ltr'>argumentationem,</span> <span class='ocrx_word' id='word_1_293' title='bbox 1114 4003 1131 4040; x_wconf 88' lang='lat' dir='ltr'>a</span> <span class='ocrx_word' id='word_1_294' title='bbox 1153 3993 1232 4042; x_wconf 87' lang='lat' dir='ltr'>terra</span> <span class='ocrx_word' id='word_1_295' title='bbox 1249 3985 1311 4040; x_wconf 85' lang='lat' dir='ltr'>ani-</span> 
     </span>
     <span class='ocr_line' id='line_1_40' title="bbox 167 4073 1311 4144; baseline -0.001 -17"><span class='ocrx_word' id='word_1_296' title='bbox 167 4075 249 4128; x_wconf 87' lang='lat' dir='ltr'>malia</span> <span class='ocrx_word' id='word_1_297' title='bbox 268 4075 386 4130; x_wconf 86' lang='lat' dir='ltr'>oriundo</span> <span class='ocrx_word' id='word_1_298' title='bbox 405 4089 482 4129; x_wconf 87' lang='lat' dir='ltr'>esso:</span> <span class='ocrx_word' id='word_1_299' title='bbox 507 4078 528 4128; x_wconf 93' lang='lat' dir='ltr'>l.</span> <span class='ocrx_word' id='word_1_300' title='bbox 550 4091 612 4128; x_wconf 88' lang='lat' dir='ltr'>nam</span> <span class='ocrx_word' id='word_1_301' title='bbox 632 4089 721 4144; x_wconf 86' lang='lat' dir='ltr'>neque</span> <span class='ocrx_word' id='word_1_302' title='bbox 741 4076 776 4130; x_wconf 79' lang='lat' dir='ltr'>(le</span> <span class='ocrx_word' id='word_1_303' title='bbox 795 4073 874 4128; x_wconf 84' lang='lat' dir='ltr'>caelo</span> <span class='ocrx_word' id='word_1_304' title='bbox 893 4074 1029 4128; x_wconf 84' lang='lat' dir='ltr'>cecidisse</span> <span class='ocrx_word' id='word_1_305' title='bbox 1048 4081 1178 4144; x_wconf 87' lang='lat' dir='ltr'>possunt.</span> <span class='ocrx_word' id='word_1_306' title='bbox 1213 4076 1238 4126; x_wconf 85' lang='lat'>2.</span> <span class='ocrx_word' id='word_1_307' title='bbox 1259 4087 1311 4126; x_wconf 86' lang='lat' dir='ltr'>neo</span> 
     </span>
     <span class='ocr_line' id='line_1_41' title="bbox 171 4160 1312 4229; baseline 0 -16"><span class='ocrx_word' id='word_1_308' title='bbox 171 4161 313 4215; x_wconf 86' lang='lat' dir='ltr'>terrestria</span> <span class='ocrx_word' id='word_1_309' title='bbox 332 4161 366 4216; x_wconf 90' lang='lat' dir='ltr'>de</span> <span class='ocrx_word' id='word_1_310' title='bbox 392 4162 476 4216; x_wconf 86' lang='lat' dir='ltr'>salsis</span> <span class='ocrx_word' id='word_1_311' title='bbox 498 4160 591 4216; x_wconf 84' lang='lat' dir='ltr'>exisse</span> <span class='ocrx_word' id='word_1_312' title='bbox 616 4161 731 4215; x_wconf 82' lang='lat' dir='ltr'>leeunis.</span> <span class='ocrx_word' id='word_1_313' title='bbox 771 4164 796 4214; x_wconf 84' lang='lat'>3.</span> <span class='ocrx_word' id='word_1_314' title='bbox 823 4160 965 4229; x_wconf 86' lang='lat' dir='ltr'>multaque</span> <span class='ocrx_word' id='word_1_315' title='bbox 984 4175 1058 4214; x_wconf 89' lang='lat' dir='ltr'>nuno</span> <span class='ocrx_word' id='word_1_316' title='bbox 1081 4161 1165 4214; x_wconf 87' lang='lat' dir='ltr'>etiam</span> <span class='ocrx_word' id='word_1_317' title='bbox 1185 4161 1312 4214; x_wconf 86' lang='lat' dir='ltr'>existunt</span> 
     </span>
     <span class='ocr_line' id='line_1_42' title="bbox 169 4245 1312 4316; baseline -0.003 -17"><span class='ocrx_word' id='word_1_318' title='bbox 169 4247 299 4300; x_wconf 82' lang='lat' dir='ltr'>animalis</span> <span class='ocrx_word' id='word_1_319' title='bbox 318 4249 410 4301; x_wconf 88' lang='lat' dir='ltr'>terris.</span> <span class='ocrx_word' id='word_1_320' title='bbox 448 4245 556 4302; x_wconf 83' lang='lat' dir='ltr'>Deinde</span> <span class='ocrx_word' id='word_1_321' title='bbox 574 4262 631 4301; x_wconf 89' lang='lat' dir='ltr'>non</span> <span class='ocrx_word' id='word_1_322' title='bbox 649 4247 793 4314; x_wconf 89' lang='lat' dir='ltr'>linquitur,</span> <span class='ocrx_word' id='word_1_323' title='bbox 815 4251 846 4300; x_wconf 89' lang='lat' dir='ltr'>ut</span> <span class='ocrx_word' id='word_1_324' title='bbox 864 4247 962 4302; x_wconf 88' lang='lat' dir='ltr'>marito</span> <span class='ocrx_word' id='word_1_325' title='bbox 980 4261 1080 4301; x_wconf 88' lang='lat' dir='ltr'>nomen</span> <span class='ocrx_word' id='word_1_326' title='bbox 1100 4246 1197 4300; x_wconf 87' lang='lat' dir='ltr'>matris</span> <span class='ocrx_word' id='word_1_327' title='bbox 1208 4247 1312 4316; x_wconf 82' lang='lat' dir='ltr'>adepta</span> 
     </span>
     <span class='ocr_line' id='line_1_43' title="bbox 167 4331 814 4403; baseline 0 -20"><span class='ocrx_word' id='word_1_328' title='bbox 167 4331 206 4386; x_wconf 90' lang='lat' dir='ltr'>sit</span> <span class='ocrx_word' id='word_1_329' title='bbox 222 4337 306 4396; x_wconf 89' lang='lat' dir='ltr'>terra,</span> <span class='ocrx_word' id='word_1_330' title='bbox 328 4334 378 4388; x_wconf 87' lang='lat' dir='ltr'>sed</span> <span class='ocrx_word' id='word_1_331' title='bbox 398 4333 541 4403; x_wconf 88' lang='lat' dir='ltr'>linquitur,</span> <span class='ocrx_word' id='word_1_332' title='bbox 563 4341 595 4387; x_wconf 90' lang='lat' dir='ltr'>nt</span> <span class='ocrx_word' id='word_1_333' title='bbox 613 4337 702 4388; x_wconf 84' lang='lat' dir='ltr'>meter</span> <span class='ocrx_word' id='word_1_334' title='bbox 720 4332 814 4388; x_wconf 88' lang='lat' dir='ltr'>luerit.</span> 
     </span>
    </p>
   </div>
   <div class='ocr_carea' id='block_1_4' title="bbox 0 0 1648 4926">
    <p class='ocr_par' dir='ltr' id='par_1_16' title="bbox 0 0 1648 4926">
     <span class='ocr_line' id='line_1_44' title="bbox 0 0 1648 4926; baseline 0 0"><span class='ocrx_word' id='word_1_335' title='bbox 0 0 1648 4926; x_wconf 95' lang='lat' dir='ltr'> </span> 
     </span>
    </p>
   </div>
  </div>
 </body>
</html>
