3304 4928
628 421 671 430 -
717 383 813 470 [215]
862 423 901 432 -
1291 359 1335 452 '71

187 597 207 640 a
229 576 459 642 uetustioribus
482 578 697 661 grammaticis
720 579 848 643 condita
871 584 903 644 et
927 601 947 644 a
969 579 1155 663 Symmacho
1183 583 1252 665 ipso
1280 584 1338 648 ad-

187 683 290 748 hibita
312 689 418 748 essent
440 684 481 748 ad
509 685 766 748 commentarium
795 705 885 750 suum
913 685 1154 763 conficiendum,
1182 688 1277 751 immo
1301 709 1340 754 ea

188 789 369 872 significari,
387 810 467 874 quae
485 812 505 854 a
522 791 753 858 recentioribus
767 792 945 858 scholiastis
961 793 1118 876 exscripta
1137 799 1169 858 ct
1188 794 1220 857 in
1239 795 1338 859 libros

187 897 417 978 manuscriptos
442 897 691 980 Aristophaneus
715 905 820 962 essent
844 898 1007 964 translata.
1054 900 1180 964 Etenim
1203 901 1338 984 simplici

191 992 427 1086 ὑπομνήματος
454 1003 503 1066 uel
533 995 785 1089 ὑπομνημάτων
814 1006 940 1069 nomine
967 1025 1020 1069 cas
1047 1007 1201 1089 appellari
1231 1008 1339 1071 docuit

188 1108 372 1173 Gerhardus
396 1109 692 1191 interpretationum
716 1111 924 1186 mllectiories,
948 1133 1026 1194 quas
1049 1119 1215 1176 auctorum
1238 1114 1339 1177 nomi-

188 1213 280 1280 nibus
304 1219 446 1280 carentes
470 1216 503 1279 in
526 1216 715 1281 scholiorum
742 1216 901 1299 farragine
930 1215 1093 1282 condenda
1120 1218 1339 1284 adhibuissent

157 1357 159 1362 ·
187 1321 383 1386 scholiastae.
433 1321 542 1405 Neque
571 1329 675 1387 tamen
705 1324 854 1389 iudicium
883 1323 1108 1406 amplectemur
1131 1324 1361 1411 Stoeckeri¹)‚-

187 1429 242 1509 qui
261 1427 360 1506 haud,
380 1428 493 1512 iuquit,
512 1429 718 1509 tritu-obeam
735 1431 777 1494 su
790 1431 857 1493 iuni
872 1434 939 1493 tum
955 1467 996 1477 -
1011 1430 1131 1495 scilicet
1144 1433 1251 1515 paullo
1267 1438 1339 1516 post

190 1534 436 1617 Aristophanem
457 1539 616 1598 mortuum
637 1536 688 1599 uel
708 1536 785 1619 ipsis
804 1543 917 1620 poetae
936 1535 1131 1620 temporibus
1151 1575 1191 1585 -
1212 1538 1337 1602 Aristo-

182 1640 305 1719 phanis
323 1641 489 1705 eomoech'is
508 1640 628 1704 schol-ic
648 1643 807 1724 qrrucdom
826 1644 992 1723 adscripto
1010 1643 1118 1724 sitisse,
1141 1643 1196 1708 ubi
1213 1645 1337 1709 uideres

189 1746 262 1832 (sio)
284 1746 429 1812 habuisse
452 1769 505 1811 rus
528 1748 664 1826 lectores,
690 1749 746 1830 qui
769 1751 912 1831 arepesiu
935 1751 1081 1833 utiquam
1103 1771 1167 1815 uon
1185 1755 1338 1832 poteraut

186 1872 251 1916 nou
266 1852 456 1919 desiderare.
489 1853 682 1918 Praesertim
697 1855 777 1936 quin
791 1856 919 1935 uostris,
936 1857 1050 1939 quibus
1064 1857 1156 1920 hodic
1168 1861 1335 1934 uteremur,

186 1958 374 2022 scholiorum
403 1961 573 2039 codicibus,
602 1961 704 2026 multu
732 1962 969 2025 continerentur
996 1965 1033 2027 rie
1055 1961 1233 2027 homiuibus
1256 1963 1337 2027 ctio-

187 2067 267 2146 quiu
291 2067 430 2131 obscuris
453 2072 602 2144 uurrotu,
628 2087 711 2149 quoe
733 2069 798 2130 uisi
819 2069 886 2132 iuni
909 2069 989 2148 ipsis
1009 2073 1120 2148 poetae
1145 2070 1336 2149 temporibus

185 2172 323 2254 suspulis
351 2175 583 2239 cmnoediurum
611 2175 687 2237 locis
715 2175 830 2238 aetdita
858 2179 971 2252 esseut,
1000 2195 1168 2256 uunquam
1194 2179 1338 2240 nostram

187 2287 320 2346 oetatem
343 2281 463 2346 uidisse
487 2282 611 2346 diceres.

275 2388 345 2453 Non
360 2387 441 2451 male
455 2409 531 2452 uero
542 2387 726 2452 Gerhardus
736 2386 814 2452 dicit
826 2385 1123 2469 interpretationum
1135 2385 1335 2450 collectiones

187 2496 432 2579 Byzantinorurn
442 2494 469 2579 ²)
484 2500 568 2558 certe
583 2491 779 2576 temporibus
793 2492 949 2569 extitisse3
964 2493 1048 2556 unde
1064 2515 1134 2556 cum
1149 2492 1337 2557 scholiastae

173 2609 219 2665 ’θῐ
242 2600 296 2684 qui
319 2601 353 2663 in
376 2597 537 2664 codicibus
560 2595 718 2662 dictandis
742 2597 956 2663 scribendisue
980 2621 1107 2682 operam
1131 2599 1337 2675 collocabant,

186 2706 270 2790 quod
290 2707 422 2790 quisque
442 2705 646 2770 adnotatione
661 2704 790 2786 dignum
805 2725 873 2768 esse
888 2704 1098 2782 existimabat,
1117 2713 1337 2788 expromerent

186 2819 219 2877 et
242 2813 273 2875 in
299 2811 389 2876 libris
408 2813 473 2876 suis
492 2811 717 2885 adscriberent,
741 2809 858 2874 factum
878 2817 935 2886 est,
958 2817 994 2874 ut
1012 2811 1067 2874 alii
1087 2834 1120 2876 se
1138 2812 1338 2876 coritinerent

186 2919 383 3001 excerpendo
398 2925 430 2982 et
444 2917 652 2983 describendo
663 2937 716 2980 eas
728 2918 811 2998 ipsas
822 2917 1118 2999 interpretationum
1130 2918 1337 2995 collectiones

186 3025 241 3090 alii
270 3045 308 3088 ex
335 3045 394 3088 sua
421 3024 553 3108 quisquo
582 3022 728 3087 doctrina
752 3029 784 3086 et
806 3023 985 3088 litterarum
1018 3024 1196 3106 cognitione
1223 3023 1274 3088 uel
1298 3047 1337 3090 ex

186 3132 409 3213 magistrorum
433 3132 466 3194 in
490 3129 605 3195 scholis
629 3129 873 3211 Aristophanem
897 3129 1121 3212 explicantium
1144 3129 1287 3205 dictatis,
1310 3132 1338 3194 si

186 3237 261 3320 quid
280 3243 394 3320 poetae
417 3237 536 3301 comico
561 3235 661 3300 lucem
679 3235 793 3300 afferre
817 3241 975 3318 putarent,
998 3236 1173 3308 adicerent;
1196 3235 1269 3298 hinc
1288 3236 1336 3300 in-

186 3344 290 3426 eptiae
306 3343 379 3408 illae
394 3363 431 3408 ac
445 3343 554 3408 iudicii
569 3342 780 3426 peruersitate
795 3342 933 3424 insignes
948 3340 1235 3416 adnotatiunculae,
1254 3362 1336 3424 quae

185 3448 431 3532 Byzantinorum
459 3449 636 3514 doctrinam
663 3448 841 3513 redolentes
865 3450 896 3512 in
921 3446 1065 3510 omnibus
1093 3468 1227 3527 quorum
1253 3449 1337 3514 noti-

185 3556 264 3618 tiam
286 3553 438 3618 habemus
461 3553 623 3618 codicibus
647 3554 847 3637 reperiuntur
874 3559 1001 3636 praeter
1023 3551 1254 3628 misenatem,
1282 3555 1338 3636 qui

258 3714 278 3778 ¹)
296 3712 324 3765 in
344 3711 440 3766 libello
459 3709 493 3766 de
512 3711 638 3780 Sophocl.
654 3718 683 3765 et
704 3711 842 3780 aristoph.
864 3711 1062 3780 interpretibus
1084 3709 1199 3764 Graecis
1219 3725 1262 3778 pg.
1281 3713 1295 3764 1
1312 3715 1336 3765 ⁶2.

257 3801 278 3854 'l
298 3802 412 3856 Constat
435 3800 485 3854 sub
505 3800 683 3855 Constantino
702 3801 962 3869 Porphyrogcnneto
982 3807 1010 3853 ct
1029 3800 1063 3854 ab
1083 3799 1250 3867 imperatore
1274 3799 1335 3869 ipso

185 3897 213 3944 et
241 3906 258 3943 e
288 3889 356 3944 uiris
387 3889 475 3942 doctis
506 3888 660 3943 CPclitanis
692 3888 790 3956 iugens
823 3904 922 3959 corpus
954 3887 1145 3942 uniuersarum
1178 3887 1336 3944 litterarum

185 3979 354 4033 Graecarum
368 3976 507 4046 excerptis
522 3975 664 4032 undelibet
677 3977 829 4046 desumptis
840 3977 994 4032 contectum
1006 3991 1074 4042 esee,
1090 3975 1162 4030 unde
1173 3975 1335 4044 posterioris

184 4066 287 4121 aetatis
306 4065 437 4122 Graeculi
457 4065 609 4120 doctrinam
624 4081 701 4120 suam
722 4065 872 4119 hauserInt.
901 4065 935 4119 cl.
952 4065 1161 4134 Bernhardyum
1179 4064 1250 4117 Hist.
1266 4064 1333 4119 Litt.

185 4155 284 4211 Graec.
300 4155 325 4208 1⁴
341 4155 393 4208 toa
407 4169 466 4222 sqq.
487 4162 515 4209 et
535 4153 656 4210 eiusdem
678 4155 839 4208 Commentt.
860 4155 894 4208 de
913 4153 1014 4208 Suidae
1034 4153 1123 4207 lexico
1143 4169 1187 4222 pg.
1205 4151 1337 4208 XLVIII:

184 4261 235 4298 uec
259 4241 389 4297 debuere
408 4243 520 4309 patitur
543 4243 708 4298 scholiorum
732 4243 856 4309 corporis
879 4241 1067 4310 Dindorfiaui
1090 4248 1114 4295 ct
1133 4241 1239 4295 Suirtuc
1263 4257 1333 4294 com-

181 4332 306 4401 paratio,
327 4331 397 4399 quin
415 4331 470 4385 stlta
483 4331 708 4402 Byzantinorum
728 4331 892 4400 temporibus
911 4331 978 4384 tinec
997 4332 1060 4399 ipsc
1075 4328 1333 4386 contmeutariorum

186 4421 452 4489 Aristophuuecrum
469 4423 562 4487 sermo
581 4427 718 4486 tetrequam
736 4421 860 4488 perfectu
879 4417 1011 4474 ualueru.
