3280 4934
304 341 324 404 8
733 340 1061 423 -[1o4]-,

392 535 565 610 addamus,
594 555 673 618 quae
696 533 806 618 Lysias
833 534 867 597 in
895 533 1037 598 oratioue
1065 539 1176 596 eontra
1201 532 1443 598 Eratosthenem

302 643 414 708 habita
437 641 521 722 (XII,
544 641 685 706 43-47.
709 641 855 726 68-76)
880 639 986 717 refert,
1009 638 1063 703 nbi
1086 660 1137 704 res
1160 641 1288 724 exponit
1310 640 1371 706 hoc
1392 661 1442 705 or·
1557 649 1559 654 “

302 751 390 815 dine:
419 749 495 814 Post
521 747 608 812 illam
635 747 851 831 gravissimam
874 746 995 812 cladem
1023 747 1190 830 optimates
1218 748 1373 812 coniurati
1396 742 1444 832 (oi

302 851 505 940 καλούμενοι
533 849 672 942 ἑταῖροι)
700 855 840 937 quinque
867 854 1002 938 ephoros
1029 855 1249 930 instituerunt,
1275 856 1331 937 qui
1360 853 1443 918 omui

302 963 460 1029 industria
477 953 545 1026 rem
563 961 722 1045 publicam
740 969 881 1027 evertere
900 962 1065 1027 studerent
1083 960 1118 1047 (ξ
1137 960 1293 1047 43-47).
1325 961 1445 1026 Eodem

302 1069 369 1135 fere
390 1075 532 1152 tempore
551 1067 760 1134 Theramenes
783 1069 894 1134 urbem
917 1089 950 1134 se
974 1073 1171 1134 servaturum
1194 1089 1262 1134 esse
1285 1068 1444 1152 pollicitus

303 1197 359 1242 suo
382 1175 516 1240 arbitrio
539 1196 609 1240 cum
631 1175 888 1242 Lacedaemoniis
910 1197 1004 1259 agere
1028 1177 1130 1240 iussus
1153 1181 1214 1252 est,
1242 1177 1297 1240 sed
1320 1179 1444 1240 tautum

303 1284 392 1360 afuit,
414 1288 451 1346 ut
473 1281 567 1346 fidem
588 1289 775 1365 praestaret,
797 1289 833 1347 ut
855 1283 992 1366 patriam
1010 1282 1190 1366 turpissime
1212 1282 1361 1365 proderet
1384 1281 1444 1346 La·

304 1390 575 1473 cedaemoniisqne
589 1389 788 1471 grauissimas
808 1390 990 1473 imponendi
1009 1389 1207 1454 condiciones
1222 1395 1333 1453 auctor
1346 1387 1443 1453 fieret.

303 1499 447 1580 Denique
474 1497 650 1562 contionem
672 1499 759 1580 prius
787 1495 856 1561 fieri
885 1518 946 1560 nou
973 1517 1084 1579 passus
1112 1502 1174 1572 est,
1200 1517 1293 1578 quam
1323 1502 1445 1578 tompus

303 1605 429 1669 adesset
451 1625 522 1668 cum
545 1602 689 1668 hostibus
712 1605 932 1680 constitutum,
960 1626 1022 1687 quc
1045 1603 1225 1667 intermisso
1250 1603 1445 1686 Lysandrum

303 1711 397 1776 Samo
424 1709 594 1774 arcessivit
643 1710 690 1775 Eu
717 1717 883 1794 praesente
911 1711 1015 1776 contio
1043 1711 1083 1775 de
1110 1733 1145 1775 re
1177 1710 1304 1794 publica
1335 1710 1445 1774 habitu

304 1823 360 1895 est,
383 1840 446 1902 qua
468 1817 601 1900 triginta
624 1819 683 1881 viri
706 1824 780 1882 sunt
803 1818 941 1882 instituti
964 1819 999 1901 (ξ
1022 1818 1178 1904 68*-76).

392 1924 459 1988 Iam
482 1945 556 1989 uero
579 1924 749 2001 uideamus,
772 1931 927 2007 quatenus
956 1924 989 1988 hi
1013 1927 1075 1989 duo
1099 1929 1196 1990 testes
1220 1925 1303 1988 iuter
1325 1945 1358 1988 se
1382 1925 1445 1989 dis-

304 2032 450 2096 sentiant
484 2030 632 2109 Quicum
651 2030 751 2095 multa
769 2033 879 2096 eodem
903 2032 994 2096 modo
1014 2032 1247 2109 rele1·a11t,tum
1266 2033 1446 2114 discrepan-

303 2141 367 2204 tiae
386 2143 567 2220 comparent
590 2139 717 2202 minime
736 2138 906 2220 negandae.
944 2137 990 2202 Ac
1012 2139 1148 2220 primum
1171 2139 1306 2223 quidem,
1330 2137 1446 2202 utalia

303 2265 384 2328 quae
411 2243 451 2308 ab
479 2243 634 2309 alterutro
666 2250 790 2309 tantum
818 2252 1101 2309 eommemorautur
1132 2245 1328 2321 omittamus,
1360 2245 1445 2327 apud

303 2350 544 2435 Xenophontem
571 2350 620 2416 bis
647 2351 769 2434 legatus
793 2353 932 2416 mittitur
954 2351 1178 2428 Theramenes,
1205 2353 1293 2435 prins
1320 2353 1359 2416 ad
1385 2351 1445 2436 Ly-

303 2458 466 2536 sandrum,
498 2458 612 2523 deinde
644 2480 714 2523 cum
745 2479 856 2523 novem
888 2458 959 2523 aliis
991 2459 1032 2524 ad
1065 2458 1343 2535 Lacedaemonios,
1375 2481 1445 2522 cum

303 2566 412 2649 Lysias
436 2565 475 2630 de
493 2587 557 2629 una
575 2571 698 2629 tantum
716 2565 757 2630 ad
777 2565 1041 2630 Lacedaemonios
1064 2566 1221 2649 legatione
1240 2566 1445 2630 Theramenis
1506 2637 1512 2649 ‚

304 2672 457 2756 loquatur.
505 2670 627 2736 Deinde
653 2673 806 2754 postridie
833 2695 928 2755 quam
955 2674 1094 2738 redierat
1117 2672 1326 2737 Theramenes
1348 2672 1445 2737 Lace·

303 2779 468 2855 daemone,
504 2778 590 2861 pacis
622 2779 820 2844 condiciones
852 2787 998 2863 acceptas
1031 2801 1096 2844 esse
1128 2779 1304 2862 Xenophon
1336 2787 1446 2844 narrat

303 2886 362 2971 (ll,
386 2886 421 2961 2,
444 2884 511 2970 22),
539 2906 609 2949 cum
636 2887 720 2968 apud
744 2886 870 2970 Lysiam
894 2887 1001 2970 (Xlll,
1028 2887 1065 2949 17
1091 2890 1150 2968 sq.)
1179 2886 1372 2952 Theramene
1395 2907 1444 2951 re-

303 2992 391 3069 duce,
417 2993 601 3075 priusquam
623 2993 663 3056 de
691 3013 767 3075 pace
794 3001 950 3076 ageretur,
978 2993 1110 3058 Athenis
1138 2994 1266 3076 longum
1293 2993 1443 3077 temporis

303 3099 439 3183 spatium
461 3099 673 3164 intercessisse
696 3101 899 3176 inveniamus,
922 3121 984 3182 quo
1008 3101 1046 3176 ei,
1069 3101 1123 3182 qui
1147 3101 1342 3165 dominatum
1364 3121 1443 3183 pau·

302 3227 409 3272 eorum
428 3203 632 3282 affectabant,
650 3206 781 3271 insidias
795 3207 870 3271 uiris
889 3206 1094 3291 popularibus
1113 3206 1277 3290 parabant.
1301 3208 1445 3290 Denique

302 3311 476 3395 Xenophon
501 3312 562 3396 (ll,
585 3313 614 3389 3,
638 3313 673 3398 3)
701 3315 833 3396 triginta
866 3314 940 3378 viris
973 3314 1126 3378 institutis
1159 3315 1200 3377 ad
1229 3313 1357 3379 Samum
1389 3336 1444 3396 op-

302 3420 504 3502 pugnandam
528 3419 726 3504 Lysandrum
749 3426 891 3486 avectum
914 3442 990 3496 esse,
1014 3427 1124 3486 contra
1147 3421 1257 3505 Lysias
1281 3421 1367 3504 (XII,
1387 3421 1444 3506 ll)

300 3527 364 3590 iam
387 3534 482 3591 autea
500 3526 625 3592 Samum
650 3533 862 3610 oppugnatam
886 3547 953 3592 esse
976 3535 1094 3606 narrat,
1116 3517 1200 3594 unde
1219 3528 1380 3612 Lysander
1404 3529 1444 3592 ad

302 3633 434 3716 triginta
457 3635 539 3698 viros
562 3635 773 3698 instituendos
796 3656 815 3699 a
838 3633 1031 3700 Theramene
1054 3635 1221 3700 arcessitus
1245 3636 1294 3700 sit

390 3738 475 3816 Quas
506 3741 548 3804 ad
580 3740 807 3823 discrepantias
839 3741 921 3806 inter
953 3763 986 3805 se
1020 3742 1230 3808 conciliandas
1263 3742 1318 3806 alii
1350 3741 1445 3806 alirun

301 3847 385 3912 viam
403 3846 536 3928 ingressi
551 3854 631 3912 sunt.
659 3846 853 3924 Quaeremus
872 3847 978 3931 igitur,
992 3850 1069 3932 quid
1084 3850 1343 3916 verisimillimum
1356 3849 1444 3913 vide-

301 3961 387 4030 atur3
416 3974 488 4017 nam
515 3973 582 4016 rem
609 3953 656 4018 ita
679 3959 825 4031 tractare,
853 3962 889 4019 ut
911 3957 1012 4021 omnis
1035 3956 1193 4021 dubitatio
1222 3957 1361 4032 tollatur,
1389 3977 1446 4021 uec
1500 4025 1502 4032 .

300 4062 405 4145 potuit
428 4061 594 4143 qnisquam
617 4082 674 4126 nec
697 4061 763 4144 ipse
786 4067 920 4144 postero.

390 4168 507 4251 Atque,
542 4173 579 4231 ut
611 4168 767 4232 solvamus
801 4170 938 4253 primum
969 4172 1184 4253 quaestionem
1218 4167 1445 4245 difficillimam,

300 4293 361 4356 quo
385 4278 527 4356 tempore
546 4274 621 4339 viris
644 4276 849 4360 popularibus
872 4299 892 4342 a
910 4277 1077 4342 Theocrito
1097 4283 1129 4342 et
1150 4277 1288 4360 Agorato
1312 4277 1445 4341 insidiae

299 4387 431 4465 paratae
463 4381 539 4460 sint,
575 4389 641 4448 tres
674 4391 747 4451 sunt
778 4385 978 4471 potissimum
1009 4386 1192 4454 sententiae.
1219 4384 1445 4452 examinandae
