3310 4932
641 405 834 465 ..9-

170 591 331 671 ΧΧΧΙΙΙ,
359 593 422 655 436
445 593 527 673 sqq.)
555 591 767 674 sagacissime
796 590 919 674 docuit,
946 592 1036 656 cuius
1060 592 1166 656 verbis
1193 612 1254 675 ego
1277 591 1309 656 id
1403 565 1410 584 ⁸

170 715 267 760 unum
297 694 398 776 addo,
430 715 482 760 mc
510 694 615 760 iudice
644 695 883 780 interpolatoris
913 715 1041 781 operam
1070 696 1307 780 agnoscendam

170 818 253 864 esse.
301 798 382 864 item
405 819 457 864 vv.
482 799 526 880 11,
553 803 674 864 trau

300 903 384 988 quod
404 904 551 988 quereiam
573 904 676 981 docui,
695 927 831 990 perpura
853 913 1010 969 conectere
1031 927 1097 968 rem
1120 928 1200 990 quae

303 1030 341 1070 ee
362 1007 419 1071 boc
442 1017 519 1092 apta
527 1010 632 1094 fidem
654 1011 760 1090 ducat,
782 1009 961 1092 primordia
984 1031 1089 1072 rerum

172 1131 234 1175 non
258 1133 278 1175 a
303 1113 452 1178 Lucretio
475 1133 515 1177 ex
539 1117 613 1176 522.
640 1117 658 1177 3
686 1113 838 1198 repetitos
868 1133 941 1179 esse
970 1113 1055 1178 inira
1083 1111 1146 1196 (pg.
1179 1116 1219 1175 22
1243 1119 1304 1197 sq.)

173 1214 325 1298 probabo.
367 1216 538 1282 Praeterea
559 1216 789 1282 attondendum
812 1223 862 1282 cst
881 1216 1036 1282 eiusmodi
1053 1215 1198 1280 formulis
1214 1218 1309 1283 abso-

172 1319 257 1383 lutas
280 1320 457 1385 sententias
479 1341 543 1385 uon
565 1321 722 1386 contineri
745 1340 849 1403 neque
865 1321 940 1405 poni
956 1321 1030 1385 illus
1047 1339 1143 1405 posse
1158 1319 1222 1385 nisi
1238 1341 1308 1386 curn

172 1420 245 1487 aliis
267 1422 374 1488 verbis
396 1423 581 1490 coniunctas
603 1426 655 1490 vcl
679 1423 720 1489 ad
743 1425 809 1490 alia
830 1426 960 1490 relatas.
998 1449 1002 1458 ·

260 1526 401 1592 Medium
424 1529 517 1611 quasi
540 1529 624 1594 inter
645 1530 812 1595 verborum
829 1535 861 1594 ct
875 1528 1114 1594 cohaerentium
1130 1530 1309 1595 sentcntia-

174 1650 242 1694 rum
265 1630 452 1698 iterationes
475 1632 581 1697 locum
604 1638 715 1698 tenent
736 1653 807 1713 eac,
833 1652 917 1714 quac
939 1640 1043 1698 certas
1067 1633 1213 1698 notiones
1236 1634 1310 1717 plu-

173 1733 260 1798 ribus
293 1734 401 1800 verbis
434 1755 607 1818 expressas
641 1743 800 1821 repetunt.
854 1735 946 1814 Quae
981 1737 1009 1802 si
1045 1736 1078 1800 in
1109 1737 1309 1802 Lucretianis

172 1836 367 1903 carminibus
383 1838 429 1904 ita
445 1845 584 1917 exstent,
602 1840 684 1905 utin
701 1840 933 1906 sententiarum
949 1841 1211 1923 consequentiam
1226 1841 1308 1906 bene
1366 1849 1368 1854 '

173 1938 299 2022 cadant,
318 1942 492 2026 suspicioni
515 1943 638 2008 nullum
655 1944 759 2008 locum
775 1963 848 2009 csse
864 1943 1093 2010 confitebimur.
1134 1945 1309 2028 Exspectcs

173 2050 297 2127 autcm,
330 2045 358 2111 si
386 2053 504 2111 certam
534 2047 694 2112 notionem
718 2047 840 2112 eisdem
862 2048 969 2113 verbis
992 2053 1136 2131 repetere
1159 2048 1307 2130 volucrit,

174 2154 301 2230 poetam
323 2168 364 2214 nc
385 2148 534 2215 minimas
557 2149 687 2232 quidem
710 2151 905 2216 mutationes
928 2170 1037 2216 eorum
1060 2149 1187 2216 fecisse.

260 2250 384 2328 Quibus
406 2253 563 2336 expositis
585 2253 641 2318 vix
662 2274 742 2338 opus
765 2261 816 2319 est
843 2274 988 2334 monere,
1023 2254 1050 2318 si
1081 2253 1168 2338 apud
1190 2255 1310 2320 Lucre-

174 2353 253 2419 tium
276 2361 362 2420 totae
386 2357 564 2422 sententiae
586 2356 721 2422 iteratae
744 2357 823 2438 sint,
848 2356 882 2421 id
905 2357 1035 2423 minime
1066 2377 1137 2422 cum
1163 2377 1200 2422 eo
1223 2377 1311 2424 com-

174 2456 282 2542 parari
305 2477 412 2542 posse,
438 2457 523 2542 quod
545 2460 715 2526 Homerica
737 2459 892 2539 carmina,
917 2461 1018 2526 sicubi
1041 2461 1154 2526 eadem
1176 2481 1228 2526 res
1250 2461 1312 2525 ite-

174 2583 244 2627 rum
268 2561 429 2628 narranda
450 2570 516 2644 est,
550 2562 672 2630 eisdem
701 2564 808 2629 verbis
839 2571 981 2631 utuntur.
1028 2563 1136 2642 Quare
1158 2564 1213 2629 ubi
1235 2585 1312 2630 eae-

173 2665 246 2732 dem
269 2665 446 2731 sententiae
469 2666 590 2732 eisdem
613 2667 720 2733 verbis
740 2666 948 2751 consignatae
965 2667 998 2731 iu
1014 2667 1208 2733 carminibus
1224 2667 1311 2732 illius

173 2775 351 2850 occurrant,
378 2789 433 2836 cas
456 2777 584 2854 poetam
606 2777 662 2836 aut
684 2777 791 2837 mente
808 2791 847 2837 ac
863 2771 997 2838 consilio
1012 2771 1158 2856 posuisse
1175 2778 1231 2836 aut
1246 2770 1312 2837 sor-

173 2873 255 2939 tuita
276 2892 375 2938 causa
397 2881 516 2938 motum
539 2873 708 2940 admisisse
731 2874 926 2958 putabimus.
967 2874 1080 2958 Neque
1103 2895 1178 2941 vero
1195 2876 1312 2940 multos

174 2977 262 3042 locos
276 2976 458 3060 indagabo,
478 2977 594 3061 quibus
608 2984 730 3043 certum
746 2977 907 3061 quoddam
924 2977 1091 3045 consilium
1107 2984 1235 3063 poetam
1251 2977 1312 3044 ha-

174 3079 282 3147 buisse
304 3080 425 3166 fingere
446 3081 554 3148 liceat.

260 3289 304 3353 At
324 3288 488 3356 Hallierus
515 3287 650 3356 coniecit
672 3289 854 3354 Lucretium
883 3289 917 3354 in
946 3289 1169 3355 iterationibus
1192 3287 1312 3373 Empe-

175 3391 300 3458 doclem
323 3393 481 3458 imitatum
498 3413 582 3459 esse.
622 3393 662 3458 m
677 3392 786 3458 insunt
801 3390 889 3458 baud
904 3412 1010 3476 pauca
1031 3393 1148 3458 iterata
1169 3391 1203 3456 iu
1225 3391 1313 3476 frag-

175 3495 531 3581 mentisEmpedocieis.
547 3496 612 3562 sel
619 3516 660 3562 ea
667 3516 709 3561 cx
716 3495 946 3562 consuetudine
954 3495 1158 3580 Empedoclis
1167 3493 1310 3578 fluxisse,

175 3618 240 3681 qua
255 3597 426 3665 Homerum
443 3599 644 3684 potissimum
661 3606 791 3666 secutus
807 3599 858 3679 sit,
883 3605 919 3664 ut
934 3619 1112 3665 sermonem
1129 3597 1218 3683 epico
1234 3618 1313 3682 quo-

175 3701 249 3766 dam
272 3703 378 3769 colore
400 3703 571 3786 tingueret,
598 3702 694 3770 facile
717 3723 757 3768 ex
779 3701 841 3766 hac
862 3702 1032 3769 iteratione
1055 3703 1272 3786 cognoscitur:

222 3807 310 3892 104¹)
333 3803 367 3871 ἐκ
384 3803 513 3873 τούτων
531 3803 595 3892 γὰρ
613 3801 719 3872 πάνθ’
739 3799 802 3871 ὅσα
819 3799 845 3868 τ’
866 3796 904 3892 ἦν
919 3800 983 3870 ὅσα
1000 3800 1026 3868 τ’
1045 3803 1308 3888 detractiones,

331 3907 508 3996 δένδρεά
524 3905 550 3973 τ’
570 3907 752 3997 ἐβλάστησε
769 3909 839 3974 καὶ
856 3903 1005 3992 ἀνέρες
1028 3902 1099 3994 ἠδὲ
1122 3920 1313 3992 γυναῖκες

332 4017 456 4100 θῆρές
471 4008 497 4078 τ’
516 4013 665 4080 οἰωνοί
680 4037 720 4078 τε
736 4014 805 4077 καὶ
820 4006 1175 4097 ὑδατοθρέμμονες
1196 4011 1314 4094 ἰχθῦς

331 4121 403 4181 καί
430 4141 472 4182 τε
504 4117 602 4182 θεοὶ
624 4116 902 4199 ὄολιχαὶωνες
926 4121 1070 4200 τιμῇσι
1097 4120 1310 4202 φέριστοι.

246 4343 262 4404 ¹)
284 4357 385 4412 sequor
403 4342 502 4398 Steinii
522 4357 658 4397 numeros.
