3266 4924
319 395 339 458 o
753 427 797 439 -
844 391 928 474 [scri
977 425 1019 436 -

319 583 488 666 scriptores
510 580 622 665 optimi
646 580 883 660 abstinuerunt,
916 580 1009 644 simul
1032 579 1065 644 in
1089 579 1196 643 animo
1219 577 1310 642 nobis
1333 583 1383 641 est
1404 574 1458 639 in-

318 685 490 768 vestigare,
517 684 633 766 quibus
656 684 764 748 causis
789 683 902 749 ductus
926 683 1038 748 Cicero
1060 682 1120 746 hoc
1143 683 1191 746 rcl
1214 680 1293 745 illud
1316 679 1458 745 vocabu-

318 790 383 853 lum
407 795 463 852 aut
486 786 614 852 omnino
633 787 780 852 reiecerit
794 795 851 852 aut
866 807 936 851 raro
952 785 1145 851 adhibuerit.
1186 785 1356 849 Praeterea
1371 801 1456 864 quae

318 911 359 956 ex
382 909 500 954 aureae
516 890 632 954 aetatis
648 889 857 972 scriptoribus
873 888 960 972 apud
976 889 1160 964 Caesarem,
1186 888 1355 971 Nepotem,
1382 885 1456 950 Sal-

319 993 448 1058 lustium
470 992 677 1057 inveniuntur
706 993 856 1076 exempla
882 993 990 1056 omnia
1019 991 1208 1062 afferemus:
1240 990 1317 1054 item
1340 989 1367 1054 si
1389 1009 1455 1071 qua

318 1116 381 1163 vox
403 1097 436 1160 in
458 1096 567 1180 prisca
588 1095 747 1159 latinitate
771 1095 822 1159 vel
846 1095 932 1177 apud
948 1093 1132 1179 posterioris
1149 1093 1266 1158 aetatis
1282 1093 1455 1176 scriptores

317 1201 445 1283 legitur,
472 1198 642 1281 diligenter
664 1197 995 1263 commemorabimus.

404 1301 466 1379 Qui
483 1301 646 1367 Ciceronis
669 1308 775 1366 aetate
798 1301 831 1365 id
854 1300 916 1365 sihi
939 1301 1103 1366 habehant
1124 1299 1332 1384 propositum,
1359 1305 1395 1363 ut
1413 1296 1455 1361 ad

318 1416 422 1472 certas
453 1406 582 1488 regulas
613 1411 764 1486 certaque
791 1412 965 1489 praecepta
993 1404 1136 1488 linguam
1166 1402 1316 1480 latinam,
1349 1400 1455 1483 qualis

318 1515 393 1574 tunc
416 1515 495 1588 erat,
522 1509 704 1573 excolerent
719 1514 753 1572 et
766 1509 973 1593 perpolirent,
993 1509 1033 1573 ab
1049 1507 1140 1572 initio
1155 1505 1235 1570 nihil
1251 1504 1339 1570 aliud
1354 1503 1452 1568 lacie-

318 1611 404 1692 bant,
432 1611 494 1676 nisi
516 1618 551 1675 ut
572 1629 790 1694 quaecumque
812 1611 919 1677 minus
942 1619 1018 1696 apta
1040 1611 1225 1677 viderentur
1247 1630 1288 1674 ex
1310 1628 1455 1673 sermone

319 1733 377 1778 suo
401 1714 568 1779 reicereut.
615 1713 657 1778 Et
678 1715 791 1780 Cicero
814 1714 1075 1781 adulescentulus
1105 1735 1176 1780 curn
1208 1714 1306 1779 libros
1335 1713 1376 1778 de
1399 1713 1455 1777 in-

318 1817 466 1883 ventione
486 1817 626 1882 scribere
643 1817 808 1902 inciperet,
834 1820 936 1884 multa
951 1818 1162 1904 deprehendit
1177 1817 1344 1896 vocabula,
1371 1835 1456 1899 quae

318 1921 406 1985 nullo
434 1919 676 2003 significationis
707 1921 891 1988 discrimine
921 1923 1003 1988 inter
1033 1942 1068 1988 se
1100 1922 1228 1988 differre
1257 1921 1452 1986 viderentur.

318 2024 388 2089 Huc
409 2023 569 2108 pertinent
591 2024 738 2110 inprimis
768 2027 869 2090 multa
891 2027 1042 2090 vocabalo
1064 2025 1248 2108 composita,
1279 2025 1312 2089 in
1339 2023 1456 2106 quibus

318 2127 382 2191 iam
398 2134 473 2191 tunc
488 2127 736 2212 praepositionis
752 2129 801 2194 vis
818 2129 899 2194 adeo
914 2136 982 2194 erat
997 2129 1175 2210 debilitata,
1203 2136 1237 2194 ut
1252 2147 1316 2210 qna
1331 2127 1455 2192 ratione

318 2248 424 2296 eorum
449 2229 641 2314 significatio
662 2231 797 2298 distaret
819 2253 839 2296 a
861 2234 958 2298 verbo
981 2232 1130 2316 simplici,
1157 2252 1219 2297 non
1242 2232 1306 2296 iarn
1329 2230 1456 2315 perspi-

318 2339 454 2398 ceretur.
498 2334 610 2417 ltaque
633 2355 704 2401 cum
728 2335 761 2400 in
785 2355 930 2401 sermone
953 2335 1090 2420 plebeio,
1117 2335 1172 2417 qui
1195 2334 1294 2400 nimia
1315 2334 1454 2417 quadarn

318 2436 444 2503 dicendi
456 2438 550 2522 copia
560 2437 749 2521 delectatur,
768 2439 924 2505 eiusmodi
940 2439 1040 2504 multa
1053 2439 1089 2504 in
1101 2459 1160 2504 usu
1176 2447 1285 2504 essent
1298 2438 1455 2502 vocabula

319 2541 511 2625 composita,
537 2542 651 2606 mirum
675 2562 737 2606 non
762 2543 894 2624 videtur,
921 2542 1005 2626 quod
1029 2543 1140 2608 Cicero
1164 2542 1307 2627 vulgaris
1331 2561 1455 2607 sermo-

318 2644 369 2708 nis
383 2644 442 2708 illa
457 2645 586 2729 propria
601 2663 673 2710 esse
688 2652 778 2710 ratus
793 2646 827 2711 in
842 2666 919 2712 suos
935 2647 1032 2712 libros
1048 2647 1179 2711 verbnm
1196 2645 1334 2729 simplex
1352 2645 1455 2708 solum

318 2747 449 2830 recepit.
489 2749 595 2813 Veluti
617 2768 658 2814 ex
681 2769 779 2816 aurea
802 2750 958 2814 sermonis
981 2757 1088 2816 aetate
1111 2751 1245 2816 exclusa
1260 2755 1333 2814 sunt
1357 2749 1455 2811 addc-

318 2857 366 2912 ccl
387 2849 542 2929 condecet,
568 2859 732 2935 receptum
755 2860 805 2917 est
823 2871 920 2916 unum
936 2853 1038 2928 decct;
1064 2853 1140 2917 item
1157 2851 1326 2915 consimilis
1342 2852 1454 2916 adiee-

319 2952 429 3034 tivum,
455 2972 527 3018 curn
550 2961 678 3038 praeter
699 2954 812 3018 similis
840 2975 903 3019 non
931 2956 1148 3022 necessarium
1176 2975 1248 3021 esse
1280 2955 1451 3034 videretur,

318 3056 352 3120 in
375 3075 493 3122 aureae
513 3057 629 3122 aetatis
646 3077 741 3141 prosa
756 3057 898 3123 oratione
913 3079 985 3123 raro
1001 3058 1224 3124 adhibebatur.
1264 3058 1332 3124 Nec
1348 3065 1455 3124 tamen

319 3159 426 3223 omnia
449 3159 547 3224 verba
569 3160 756 3244 composita,
783 3180 865 3243 quae
888 3160 1023 3226 eandem
1046 3181 1141 3244 quam
1163 3162 1294 3226 verbum
1317 3160 1455 3244 simplex

320 3261 474 3327 haberent
495 3262 771 3346 significationem,
799 3264 942 3347 potuisse
958 3265 1087 3329 excludi
1102 3285 1142 3330 ex
1158 3285 1304 3329 sermone
1321 3265 1455 3345 elegan-

319 3364 398 3430 tiore
413 3372 661 3431 consentaneum
677 3373 735 3446 est,
756 3387 829 3432 cum
844 3367 1033 3450 praesertim
1049 3386 1112 3449 quo
1129 3367 1229 3432 maior
1244 3367 1333 3431 lieret
1350 3367 1455 3430 varie-

318 3473 369 3534 tas
393 3476 425 3534 et
446 3468 658 3553 perspicuitas
680 3470 842 3548 orationis,
870 3489 966 3553 saepe
988 3470 1021 3534 iu
1037 3469 1096 3536 hoe
1112 3490 1194 3555 opus
1211 3478 1296 3535 essct
1311 3470 1455 3554 pluribus

318 3572 449 3638 vocibus
482 3572 568 3638 idem
602 3572 867 3655 significantibus.
916 3574 1026 3656 ltaque
1056 3593 1128 3638 eum
1158 3573 1269 3639 Cicero
1297 3574 1453 3638 vocabula

319 3695 500 3760 synonyma
522 3695 711 3740 coacervare
734 3677 860 3756 soleret,
887 3682 1110 3742 remanserunt
1132 3677 1272 3758 approbo
1291 3678 1454 3758 comprobo

320 3778 450 3842 similia.
497 3779 669 3842 Praeterea
695 3778 789 3842 unius
813 3777 987 3844 rhetoricae
1016 3797 1111 3860 quam
1142 3787 1258 3843 vocant
1288 3779 1452 3843 concinni-

319 3881 394 3945 tatis
423 3901 521 3946 causa
550 3881 736 3946 Ciceronem
767 3881 872 3946 verbis
902 3881 1093 3962 quibusdam
1128 3881 1330 3964 compositis,
1368 3900 1450 3964 quae

319 3984 392 4049 aliis
415 3985 492 4050 locis
515 4005 577 4049 non
593 3984 749 4064 adhibuit,
775 3983 933 4050 interdum
951 4003 1042 4048 usum
1059 4003 1131 4049 esse
1147 3983 1446 4049 demonstrabimus.

320 4087 444 4153 Deinde
458 4088 542 4170 quod
558 4089 723 4171 complura
738 4088 838 4153 verba
852 4087 1038 4171 composita,
1063 4088 1151 4152 velut
1166 4087 1278 4150 actiaco
1294 4089 1448 4156 eoamlor.

318 4191 417 4254 multo
440 4190 568 4274 saepius
592 4193 741 4273 leguntur
768 4191 853 4275 apud
881 4190 1122 4274 probatissimos
1151 4210 1266 4275 prosae
1297 4191 1451 4256 orationis

318 4291 486 4374 scriptores
508 4311 604 4372 quam
626 4293 787 4376 simplicia
809 4293 880 4356 iaco
903 4294 998 4369 solor,
1026 4292 1093 4356 iure
1123 4292 1313 4360 concludere
1344 4294 1452 4359 licebit
