3280 4934
329 355 373 422 re
763 391 803 403 -
852 355 948 440 [142]
996 392 1038 404 -

418 553 528 636 Neque
550 573 630 636 quae
657 553 705 618 illi
728 552 948 618 concluserunt
971 574 1009 616 ex
1032 551 1128 618 verbo
1152 543 1286 636 ὀπώρα,
1314 573 1388 616 vera
1410 572 1471 634 pu-

330 660 428 726 tanda
450 666 531 726 sunt.
569 651 697 745 Ὀπώρα
717 659 800 725 enim
823 656 981 743 siguificat
1004 657 1123 724 fructus
1147 656 1296 724 arborum
1314 665 1346 724 et
1368 657 1473 734 bacas,

329 773 365 832 ut
385 767 478 844 mala,
495 787 583 850 pyra,
602 764 686 844 ficos,
704 787 790 844 uvas,
804 787 912 832 omnes
926 767 1061 850 denique
1079 766 1233 832 mollioris
1247 765 1372 831 corticis
1386 763 1472 828 fruc-

329 880 394 940 tus:
417 874 505 940 aliud
524 873 600 959 quid
623 872 684 939 boc
702 873 854 939 vocabulo
873 893 910 938 ee
929 872 969 938 de
987 895 1049 958 quo
1069 874 1190 956 agimus
1213 873 1283 938 loeo
1301 868 1472 954 significari

329 979 598 1066 nequitprebari.
609 981 636 1066 ¹)
682 980 793 1064 Itaque
817 1001 855 1044 ex
878 980 942 1045 illis
964 1001 1027 1046 uon
1049 987 1116 1047 taur
1143 979 1272 1058 „melius
1295 979 1369 1044 anni
1393 984 1472 1044 tem·

328 1097 405 1171 pus“
436 1087 706 1171 appropinquasse
734 1108 828 1172 quam
859 1088 996 1154 mediam
1023 1094 1177 1154 aestatem
1203 1089 1253 1152 vel
1284 1087 1390 1171 potius
1416 1107 1472 1150 au·

329 1202 472 1260 tumuum
500 1215 537 1260 ec
560 1201 701 1278 tempore
723 1195 788 1260 iarn
815 1194 968 1278 incepisse
991 1196 1238 1264 concludendum
1266 1200 1361 1270 esset3
1389 1194 1472 1278 quod

330 1301 456 1386 quidem
483 1299 551 1366 fieri
579 1301 781 1368 nullomodo
804 1309 918 1387 potest,
945 1303 1006 1369 nisi
1029 1302 1112 1369 ferte
1136 1304 1206 1388 quis
1230 1302 1392 1368 contendit
1415 1301 1472 1366 tri-

330 1410 419 1492 ginta
436 1409 519 1476 viros
542 1408 645 1474 hieme
664 1410 828 1476 institutos
847 1431 922 1476 esse.
960 1410 1025 1476 Nec
1044 1417 1150 1476 tamen
1169 1411 1317 1494 intellege
1336 1432 1391 1475 cur
1409 1430 1472 1474 nou

331 1515 433 1580 hieme
460 1515 576 1581 milites
604 1507 745 1603 ὀπώραν
776 1519 893 1601 petisse
924 1520 1101 1584 credantur.
1156 1517 1312 1583 Nimirum
1344 1539 1407 1582 uon
1434 1537 1473 1580 ex

330 1622 498 1688 arboribus
520 1623 597 1706 ipsis
620 1624 783 1708 legebant,
811 1625 865 1690 sed
889 1624 921 1689 in
945 1624 1066 1692 horreis
1089 1633 1214 1692 servata
1236 1624 1471 1708 conquirebant.

420 1729 485 1794 Nec
511 1731 639 1796 maioris
666 1732 815 1796 momenti
844 1738 918 1798 sunt
940 1733 1048 1810 verba,
1076 1755 1156 1816 quae
1183 1733 1290 1818 paullo
1318 1731 1403 1797 iufra
1424 1753 1473 1796 sc-

331 1844 445 1904 cimtur
467 1832 665 1923 περιέτυχον
691 1837 725 1904 db
749 1840 803 1904 καὶ
828 1847 898 1904 τών
922 1835 1105 1920 Αἰξωνέων
1133 1841 1220 1906 τιοὶν
1244 1838 1289 1918 εἰς
1312 1829 1391 1915 τούς
1414 1828 1473 1903 αὖ·

331 1951 402 2009 τών
425 1935 546 2029 ἀγροὺς
569 1943 625 2010 ἐπὶ
651 1937 693 2010 τὰ
717 1943 886 2033 ἐπιτήδεια
908 1943 1150 2033 πορευομένοις
1173 1948 1228 2034 (ΙΙ,
1246 1949 1278 2025 4,
1296 1946 1362 2033 26).
1408 1945 1473 2010 Rus

332 2053 454 2118 iverant
478 2051 584 2135 ibique
607 2051 728 2118 cibaria
750 2054 946 2137 quaerebant
969 2055 1184 2132 Aexoueuses3
1207 2053 1342 2120 falcibus
1364 2061 1472 2118 tamen

331 2167 469 2225 armatos
492 2161 596 2225 medio
623 2160 708 2227 bello
731 2183 784 2228 ecs
806 2161 963 2245 prefectos
987 2184 1068 2239 esse,
1094 2169 1131 2226 ut
1153 2160 1345 2227 frumentum
1368 2161 1474 2226 deme-

332 2272 446 2343 terent,
468 2266 637 2334 verisimile
658 2290 721 2335 nou
745 2269 876 2334 videtur.

420 2372 564 2440 Instituti
590 2373 688 2458 igitur
711 2381 784 2442 sunt
811 2375 944 2458 triginta
966 2375 1040 2453 viri,
1067 2383 1102 2440 ut
1130 2397 1225 2459 supra
1247 2373 1474 2442 demonstravi-

331 2502 414 2558 mus,
446 2488 519 2547 aute
547 2490 719 2548 extremam
746 2488 912 2558 aestatem,
943 2484 1125 2565 ademptum
1156 2483 1202 2548 eis
1233 2481 1399 2565 imperium
1426 2485 1475 2544 est

332 2588 435 2654 hieme
458 2595 528 2654 octo
551 2588 711 2654 mensibus
734 2589 928 2656 intermissis.
975 2587 1054 2654 Cum
1077 2609 1149 2655 vero
1169 2587 1312 2654 Athenae
1336 2587 1474 2653 traditae

332 2696 396 2762 siut
419 2696 506 2760 XXV
536 2697 587 2762 die
613 2697 729 2762 mensis
752 2695 885 2778 Aprilis,
911 2697 1014 2762 medio
1042 2695 1109 2763 fere
1136 2696 1227 2763 quio
1254 2696 1388 2779 triginta
1414 2693 1474 2758 riri

332 2802 471 2868 instituti
495 2824 562 2869 esse
586 2804 732 2868 videntur
755 2810 851 2886 etque
874 2804 948 2869 hinc
970 2811 1069 2888 usque
1091 2805 1131 2869 ad
1155 2805 1273 2888 primos
1296 2803 1364 2868 dies
1387 2822 1474 2866 rnen-

335 2911 378 2976 sis
401 2909 567 2975 Februarii
590 2911 757 2994 imperium
779 2911 924 2976 tenuisse.

425 3161 443 3222 ¹)
464 3157 498 3212 cs.
514 3159 584 3214 Plat.
599 3158 652 3228 leg.
667 3175 694 3228 p.
709 3160 761 3214 844
771 3159 808 3227 D;
827 3158 911 3214 Arist.
926 3159 1013 3229 probl.
1024 3158 1113 3224 XXII,
1130 3161 1151 3213 l.
1163 3161 1192 3228 ὃς
1212 3159 1282 3214 Plut.
1298 3157 1385 3228 probi,
1396 3157 1473 3213 Rom.

333 3248 381 3315 40;
400 3247 496 3302 Galen.
512 3249 546 3304 de
565 3248 639 3304 alim.
653 3248 708 3305 fac.
728 3251 756 3317 13
775 3247 883 3304 Aelian.
904 3248 984 3318 epist.
1003 3250 1158 3318 V11.VIII;
1178 3251 1262 3318 Long.
1279 3249 1327 3313 111,
1346 3249 1388 3312 33,
1404 3249 1428 3301 2.
1444 3247 1474 3332 33

334 3337 380 3401 IV,
399 3337 424 3402 2,
445 3337 469 3391 d.

799 3536 1009 3547 n——u———nn—

423 3765 454 3823 In
474 3765 569 3824 tabula
588 3781 658 3836 quae
677 3765 801 3836 sequitur
824 3773 1018 3836 comparantur
1041 3765 1196 3822 sententiaa
1216 3765 1249 3821 de
1269 3765 1364 3820 ordine
1383 3779 1474 3819 rernm

336 3873 370 3912 ex
389 3862 539 3926 temporum
560 3856 666 3912 radone
685 3856 876 3914 constituendo
895 3857 1027 3924 prolatae.
