3304 4922
355 395 397 456 So
794 435 835 443 -
885 400 967 480 216(
1014 433 1058 443 ..

355 584 451 651 Certo
472 591 590 666 autem,
616 585 645 650 si
667 585 745 667 qnid
766 585 871 656 video,
903 605 961 651 ser
984 587 1064 651 loeis
1082 585 1287 650 Florentium
1309 593 1341 649 et
1363 584 1499 667 volgata

354 705 395 752 ex
418 687 631 752 Ambrosiam)
653 689 877 771 corriguntur:

441 811 473 874 p.
493 792 600 855 48Ssss
623 785 688 856 κάν
709 789 842 867 τούτοις
865 791 902 856 δὲ
925 785 1041 868 αὐτοῖς
1064 785 1214 873 ἀμείνων
1234 789 1305 855 ἐστὶ
1327 787 1371 853 τὰ
1391 787 1498 874 μικρὰ

355 893 413 956 καὶ
435 891 615 976 παράδοξα
639 895 696 958 καὶ
719 889 834 979 ἄπορα
857 893 969 960 εἰπεῖν
990 895 1100 970 καλῶς
1123 889 1142 979 ἢ
1165 891 1207 957 τὰ
1228 891 1392 976 μεγάλα
1423 893 1497 955 καὶ

356 993 491 1076 σεμνὰ
519 994 636 1078 σεμνὰ
658 997 716 1060 καί
737 993 868 1081 μεγάλα
883 999 954 1080 FB}
982 998 1039 1061 καί
1062 991 1195 1080 εὔπορα
1216 996 1377 1071 δυνατῶς.

440 1119 472 1182 p.
492 1103 600 1163 494555
622 1107 718 1184 τριχῇ
741 1100 777 1166 δὲ
803 1105 1036 1187 νενεμημένων
1057 1098 1188 1165 τούτων
1202 1099 1251 1176 εἲς
1272 1123 1308 1164 τε
1328 1095 1367 1162 τὸ
1383 1105 1497 1183 πρᾶγ-

355 1225 403 1282 μα
426 1203 482 1266 καὶ
506 1201 544 1266 τὸ
570 1192 678 1290 ἦθος
700 1204 772 1268 καὶ
793 1202 838 1269 τὸ
863 1202 1010 1280 πάθος
1030 1201 1159 1287 πάθος
1180 1201 1291 1267 καὶτὸ
1309 1191 1395 1288 ἦθος
1409 1203 1492 1286 FRJ.

355 1303 405 1370 Cf.
431 1325 465 1389 p.
483 1309 559 1370 4951
583 1306 640 1370 καὶ
662 1303 724 1382 τὰς
746 1305 782 1372 ἐκ
805 1314 872 1372 τῶν
894 1301 1009 1394 ἠθῶν
1031 1307 1067 1373 δὲ
1090 1307 1224 1388 (Κωμία,
1250 1329 1287 1390 γε
1302 1304 1408 1387 codd.)
1436 1309 1496 1368 πί-

354 1429 455 1484 στεις.
497 1413 572 1474 496ι
597 1411 678 1494 περὶ
700 1409 735 1475 δὲ
760 1408 943 1497 τὰπάθη
966 1408 1215 1495 μαλακώτερος.

441 1531 472 1595 p.
492 1513 599 1576 488ω5
622 1510 658 1576 ἐκ
681 1519 749 1578 τῶν
777 1512 957 1578 δικανικῶν
986 1510 1091 1599 αὐτὴν
1117 1513 1249 1595 μᾶλλον
1275 1509 1388 1596 λόγων
1415 1507 1433 1598 r}
1457 1511 1495 1602 ίκ

355 1619 421 1678 τῶν
451 1615 835 1696 συμβουλευτικῶν
863 1640 905 1681 τε
936 1617 1008 1680 καί
1038 1623 1346 1703 πανηγυρικῶν
1372 1619 1495 1701 ζπανη-

355 1723 501 1800 γυρικῶν
522 1741 558 1782 τε
580 1718 638 1782 καὶ
660 1719 952 1800 συμβουλευτικῶν
965 1720 1038 1802 FRj
1066 1723 1247 1784 σκοπείτω.
1294 1718 1344 1784 Of.
1369 1739 1403 1804 p.
1416 1721 1494 1784 488⁵

356 1816 393 1882 τό
417 1843 452 1882 τε
476 1819 650 1886 δικανικὸν
680 1819 797 1886 καὶτὸ
822 1821 1108 1905 συμβουλευτικὸν
1136 1824 1195 1887 καὶ
1223 1819 1261 1886 τὸ
1284 1819 1495 1904 καλούμενον

356 1920 583 1988 ἐπιδεικτικὸν
605 1919 624 2011 ἢ
647 1923 890 2012 πανηγυρικόν.

441 2047 473 2110 p.
493 2031 585 2092 49675
608 2025 646 2093 τὸ
671 2029 707 2094 δὲ
731 2027 928 2116 παθητικὸν
950 2027 1073 2112 ίκεῑνο,
1107 2028 1144 2094 ἰν
1166 2019 1193 2114 ᾦ
1216 2026 1428 2116 παράκλησίς
1458 2052 1494 2092 τε

356 2129 413 2193 καὶ
435 2129 584 2217 δέησις
606 2133 679 2196 καὶ
700 2131 822 2209 ἔλεος
845 2131 949 2216 [iisne
971 2133 1028 2197 καὶ
1049 2132 1249 2220 δέησιςΙδΒζ
1278 2182 1344 2197 ...
1370 2131 1492 2197 ἔνεστι.

354 2233 461 2298 Verba
483 2231 696 2321 παράκλησίς
717 2259 753 2300 τε
776 2237 833 2299 καί
855 2235 969 2322 δέησις
995 2236 1103 2320 optino
1132 2236 1370 2320 coniunguntur
1395 2256 1494 2318 quom

354 2332 565 2423 παράκλησίς
586 2361 622 2402 τε
645 2339 702 2402 καί
724 2336 828 2414 ἔλεος.

438 2460 472 2524 p.
498 2443 590 2506 596ι5
624 2439 662 2505 τὸ
697 2440 940 2526 ἐπιλεγόμενον
976 2440 1085 2526 τούτῳ
1119 2440 1169 2506 ἔτι
1201 2441 1332 2524 μᾶλλον
1365 2435 1495 2506 ἀκατά-

353 2563 474 2607 σκευον
495 2536 613 2608 εἶναι
636 2548 844 2629 φαίνεται
871 2547 1042 2630 [φαίνεται
1063 2537 1153 2609 είναι
1174 2543 1263 2627 FRJ.
1311 2543 1411 2608 Hiatn
1434 2565 1494 2609 ex-

354 2645 447 2728 pulso
470 2646 675 2712 Ambrosiani
696 2647 792 2713 lectio
814 2646 1066 2713 commendatur.

442 2768 474 2832 p.
495 2752 586 2813 47155
617 2747 794 2815 πάντων
823 2743 955 2816 αὐτὸν
985 2743 1102 2814 είναι
1132 2745 1326 2836 ῥητόρων
1352 2753 1495 2813 πιθα-

353 2845 547 2916 νώτατον
568 2853 619 2916 M:
651 2847 792 2918 πάντων
821 2849 975 2939 ῥητόρων
997 2846 1101 2918 αὐτὸν
1130 2846 1219 2918 εἶναι
1249 2849 1496 2918 πιθανώτατον

354 2953 425 3018 FR.
472 2953 682 3021 Artificiosior
696 2957 863 3021 verborum
886 2955 919 3020 in
934 2956 1148 3022 Ambrosiono
1169 2955 1355 3040 compositio
1377 2957 1496 3039 genni-

351 3056 427 3123 tatis
449 3058 589 3142 speeiem
612 3078 690 3143 prae
713 3079 749 3124 se
772 3058 846 3124 fert.

438 3161 518 3228 Tres
553 3169 676 3228 restant
709 3162 789 3244 loci,
827 3182 924 3244 qnos,
966 3183 1037 3228 oum
1071 3163 1105 3226 in
1140 3161 1256 3228 ceteris
1285 3161 1495 3228 Ambrosiani

352 3263 572 3330 anctoritatem
595 3265 849 3348 cognoverimus,
876 3285 917 3330 ex
932 3265 1045 3331 eodem
1068 3265 1261 3330 constituere
1283 3284 1346 3329 non
1366 3264 1491 3330 dubito.

438 3389 470 3453 p.
490 3371 596 3432 469rrs
619 3369 674 3432 καί
694 3366 756 3454 γὰρ
774 3361 885 3454 ἡλικίᾳ
908 3368 965 3432 καὶ
980 3373 1069 3451 γένει
1091 3369 1148 3432 καὶ
1172 3364 1496 3454 ἐπιτηδεύματι

354 3471 425 3535 καί
447 3470 630 3555 παιδείᾳ
657 3470 807 3556 [παιδείᾳ
830 3470 887 3535 καί
910 3467 1152 3557 ἐπιτηδεύματι
1174 3471 1260 3552 Flo.

437 3596 471 3660 p.
490 3578 596 3640 boens
618 3567 814 3661 ὑψηλότερα
837 3571 900 3660 γάρ
922 3573 993 3639 ἐστι
1015 3575 1072 3639 καὶ
1095 3565 1195 3660 ἧττον
1217 3567 1495 3659 ἀφελέστερα

352 3677 532 3744 ἐκείνων
557 3675 706 3761 [ἐκείνων
733 3672 942 3764 ἀφελέστερα
964 3679 1050 3759 Piri.

438 3803 472 3867 p.
491 3785 583 3848 61855
607 3778 658 3858 οἷς
681 3780 717 3846 δὲ
741 3785 884 3862 βεβαίας
914 3787 1098 3867 ποιησαι
1125 3775 1334 3860 βούλεται
1361 3777 1497 3860 [βούλε-

351 3910 407 3950 ται
430 3891 573 3972 ποιησαι
587 3885 657 3966 Flo]
688 3881 747 3959 τὰς
769 3887 967 3968 μαρτυρίας.

889 4063 1050 4128 IV..

438 4197 577 4278 Volgato
598 4193 788 4260 emendatur
809 4193 995 4258 Florentino
1018 4212 1090 4258 enm
1113 4191 1325 4257 Ambrosiano
1354 4209 1497 4257 eonsen-

350 4301 450 4366 tiente
480 4299 513 4364 in
537 4308 679 4364 extremo
702 4297 857 4382 prooemii
887 4295 928 4361 de
951 4295 1090 4377 antiquis
1114 4294 1293 4360 oratoribus
1321 4301 1426 4378 parte,
1460 4296 1495 4360 in
