3258 4928
289 395 351 458 ιω
721 428 765 439 -
813 391 897 476 [ιιι]
944 427 988 437 -

373 602 406 667 p.
427 584 547 646 55612ss
569 579 745 666 Dionysius
766 578 918 646 Isocratis
940 578 1075 644 virtutes
1097 596 1169 643 oum
1185 575 1306 660 Lysiae
1324 573 1431 640 denuo

290 701 480 770 comparans
503 703 576 750 eum
599 682 665 748 alia
690 689 758 748 tum
787 682 849 750 hoo
876 681 983 768 ponit:
1018 679 1055 748 έν
1084 687 1131 766 τῷ
1157 683 1361 765 συστρέφειν
1388 672 1432 742 τὰ

288 784 443 874 νοήματα
465 786 523 852 καὶ
546 782 757 871 στρογγύλως
780 783 937 873 ἐκφέρειν
960 777 1004 862 ὡς
1025 780 1114 871 πρὸς
1137 778 1324 870 ἀληθινοὺς
1343 773 1432 866 άγῶ-

288 913 351 966 νας
374 886 567 976 ἐπιτήδειον
588 892 727 988 Λυσίαν
750 882 977 976 ἀπεδεχόμην.
1023 888 1062 954 In
1091 885 1327 972 comparatione
1352 905 1432 968 gra-

288 991 348 1058 dus
370 991 530 1078 positivus
559 988 752 1078 incuriosius
778 991 884 1058 looum
912 1010 977 1056 non
1006 988 1114 1056 habet.
1161 989 1250 1073 Lego
1281 986 1431 1076 ἐπιτη-

287 1094 307 1161 δ
315 1091 513 1180 ειότερον
534 1096 674 1160 Λυσίαν
704 1087 934 1182 ἀπεδεχόμην,
966 1093 1009 1161 oi'.
1031 1113 1066 1178 p.
1085 1095 1162 1159 557ε
1187 1085 1425 1178 ἀφελέστερον,

287 1218 372 1266 vers.
391 1223 404 1264 s
426 1194 696 1284 περιεργότερον,
721 1194 972 1284 πιθανώτερον,
998 1217 1083 1264 vers.
1102 1220 1114 1260 ι
1139 1191 1366 1282 ἰσχυρότερον.

372 1347 405 1412 p.
425 1329 545 1392 55811ss
575 1322 740 1394 Δουλεόει
761 1322 825 1414 γάρ
848 1320 868 1414 ἡ
891 1323 1025 1392 διάνοια
1049 1321 1214 1402 πολλάκις
1236 1330 1284 1410 τῷ
1306 1321 1430 1408 ῥυθμῷ

289 1436 348 1518 τῆς
370 1429 509 1510 λέξεως,
544 1429 684 1496 καὶτοῦ
712 1435 852 1514 κομψοῦ
877 1431 1033 1496 λείπεται
1060 1424 1099 1495 τό
1129 1421 1315 1515 ἀληθινόν·
1348 1421 1432 1512 κρά-

289 1529 404 1600 τιστόν
433 1525 464 1596 τ’
490 1529 698 1619 ἐπιτήδευμα
729 1531 766 1599 έν
787 1531 950 1618 διαλέκτῳ
983 1533 1140 1618 πολιτικῇ
1170 1532 1227 1597 καί
1257 1528 1430 1615 ἐναγωνίῳ

291 1632 329 1700 τό
353 1629 558 1718 ὁμοιότατον
579 1641 626 1720 τῷ
648 1633 734 1700 κατὰ
757 1632 873 1721 φύσιν.
914 1635 1068 1704 Ultimum
1091 1634 1292 1702 enuntiatum
1314 1631 1430 1719 priori-

288 1739 350 1804 bus
387 1737 568 1823 oppositum
606 1743 672 1817 est;
720 1738 862 1823 corrigas
898 1738 999 1822 igitur
1034 1735 1215 1826 κράτιστον
1252 1731 1285 1802 δ’
1312 1732 1431 1822 έπιτή-

291 1838 397 1922 δευμα
419 1840 489 1904 κτλ.
1101 1843 1103 1846 ’

375 1981 408 2044 p.
428 1963 519 2025 susus
542 1957 583 2024 Εί
604 1963 741 2046 μέτριος
763 1953 817 2043 εί,
851 1965 951 2046 μέχρι
972 1960 1070 2048 δεῦρο
1095 1955 1249 2038 άνεκτός·
1277 1952 1351 2024 ἀλλ’
1370 1951 1432 2024 οὐκ

292 2055 410 2149 ἀνήσει
431 2061 530 2128 Fiss:
560 2051 601 2149 ἦν
621 2061 722 2142 M²R;
748 2061 790 2128 of.
816 2083 893 2148 pag.
912 2068 965 2130 53.
1012 2064 1166 2131 Codicum
1187 2064 1283 2130 leotio
1305 2056 1346 2144 εί,
1371 2081 1432 2147 pro

290 2186 356 2250 qua
376 2165 410 2230 in
433 2165 564 2249 volgata
587 2185 605 2231 o
628 2185 780 2251 perversa
801 2167 911 2233 nesoio
940 2166 1030 2233 ouius
1053 2167 1237 2234 oonieotura
1258 2157 1299 2253 ἦν
1321 2171 1433 2231 conus

290 2268 448 2334 rationem
470 2268 714 2352 grammaticam
743 2269 923 2353 exhibetur,
957 2270 1145 2356 suppeditat
1173 2269 1364 2354 genuinam,
1397 2267 1432 2332 ni

291 2371 395 2452 fallor,
414 2370 585 2438 lectionem
600 2370 631 2437 εί
645 2375 782 2458 μέτριος
798 2371 868 2460 ε’ίη,
888 2377 987 2460 μέχρι
1003 2373 1101 2459 δεῦρο
1119 2368 1271 2454 ἀνεκτός;
1291 2371 1332 2440 σί.
1351 2391 1380 2438 ο.
1396 2391 1431 2456 g.

291 2495 325 2560 p.
351 2477 470 2540 10isoss
499 2471 530 2539 εί
558 2473 622 2556 μὲν
652 2463 713 2540 οὖν
743 2473 905 2564 ἐγχωροίη
935 2474 1050 2542 πάντα
1073 2471 1162 2543 είναι
1184 2472 1225 2542 τὰ
1247 2472 1351 2562 μόρια
1374 2479 1435 2561 τῆς

291 2577 413 2656 λέξεως
434 2629 440 2642 .
464 2626 500 2641 ..
526 2572 665 2664 εὔφωνά
687 2602 723 2644 τε
746 2580 804 2644 καί
825 2579 1086 2667 καλλιρρήμσνα,
1112 2585 1237 2664 μανίας
1260 2579 1359 2665 ’ἔργον
1375 2577 1436 2664 ζη-

292 2689 363 2745 τεῖν
384 2675 427 2744 τὰ
448 2684 566 2766 χείρω·
593 2679 624 2745 εί
646 2675 680 2746 δ’
707 2675 876 2749 άδόνατον
898 2682 948 2770 ε’ίη
971 2691 1097 2750 τοῦτο.
1120 2735 1154 2748 ..
1181 2691 1221 2770 τῇ
1243 2685 1432 2771 πλοκῇ...

293 2787 476 2868 πειρατέον
498 2777 679 2870 ἀφανίζειν
701 2783 763 2872 τὴν
783 2792 851 2853 τῶν
871 2784 1037 2874 χειρόνων
1059 2785 1174 2874 φύσιν.

380 2931 411 2996 p.
433 2915 525 2978 563ss
555 2909 670 2979 Πάλιν
691 2920 774 2998 γοῦν
801 2912 838 2980 ἓν
859 2922 899 3000 τῇ
921 2909 998 2999 μετ’
1020 2909 1126 3003 αὐτὴν
1152 2917 1200 3000 [R,
1226 2911 1311 3002 μεθ’
1330 2911 1436 3005 αὐτην

295 3013 369 3097 Fu]
389 3011 539 3100 περιόδῳ
555 3019 704 3102 τίθησιν.
745 3017 834 3102 Lego
852 3016 888 3084 έν
903 3025 942 3104 τῇ
964 3019 1068 3102 μετὰ
1089 3017 1247 3108 ταύτην
1268 3018 1431 3108 περιόδῳ,

294 3117 436 3200 itemque
451 3138 483 3203 p.
502 3120 596 3184 10351
615 3115 652 3184 έν
666 3126 705 3204 τῇ
728 3118 830 3203 μετὰ
852 3119 1009 3210 ταύτην
1027 3122 1206 3212 [μεταυτὴν
1220 3125 1263 3210 Μ]
1282 3122 1434 3212 περιόδῳ

294 3213 337 3283 τδι
360 3214 446 3286 αὐτὰ
468 3227 579 3287 ποιῶν
601 3219 801 3310 φανήσεται.

380 3361 414 3426 p.
434 3344 554 3406 56312ss
571 3335 711 3408 Ἔπειθ’
729 3336 839 3430 ὥςπερ
868 3342 955 3428 [ἐπεὶ
977 3338 1133 3434 δ’ὥσπερ
1149 3347 1187 3430 F]
1215 3341 1314 3414 οὐδέν
1343 3345 1436 3434 είρη-

294 3439 359 3520 κὼς
374 3450 530 3510 τοιοῦτον
546 3437 694 3531 ἀθρόαις
711 3442 886 3513 ἐπικλύσει
899 3459 976 3525 ταῖς
990 3447 1231 3536 παρισώσεσιν,
1259 3448 1437 3538 ἐπιφέρων

293 3539 435 3612 ταότίκα
469 3541 681 3634 [ἐπιφέροντ’
707 3543 829 3614 αὐτίκα
851 3551 908 3636 F]·
950 3549 1024 3631 ,Τά
1056 3559 1123 3619 τῶν
1153 3547 1265 3620 ἄλλων
1293 3551 1439 3639 διῴκουν

294 3647 549 3734 θεραπεύοντες
567 3701 573 3713 .
589 3699 616 3716 ..
641 3653 828 3735 (sequuntur
846 3673 887 3720 ex
901 3655 1066 3722 Isocrates
1080 3663 1195 3739 quarta
1210 3657 1245 3742 ἓξ
1262 3659 1399 3742 80-81,
1417 3661 1436 3722 3

294 3751 402 3820 Bekk.
422 3745 620 3838 ἀξιοῦντες).
670 3749 821 3822 Ταότίκα
844 3776 941 3824 sensu
964 3777 1091 3824 eassum
1114 3779 1188 3826 esse
1210 3761 1331 3847 primus
1347 3761 1439 3828 Wol-

296 3853 358 3921 fius
380 3854 476 3938 vidia
502 3855 573 3942 ipse
589 3850 710 3923 αὐτίκα
725 3859 902 3944 proposuit,
928 3859 1122 3946 Sylburgius
1138 3855 1246 3928 ταότί.
1286 3862 1328 3927 Ni
1344 3863 1438 3930 fallor

297 3957 332 4024 in
354 3951 496 4024 ταότίκα
518 3960 597 4026 latet
619 3982 666 4024 τα
675 3965 759 4026 ντί·
787 3962 884 4042 ,Καὶ
906 3960 948 4028 τὰ
962 3969 1028 4030 τῶν
1043 3958 1157 4030 άλλων
1171 3961 1316 4050 διῴκουν
1329 3969 1439 4052 δερα-

295 4055 469 4143 πεόοντες,
495 4066 528 4127 et
549 4060 596 4126 ita
617 4059 787 4129 Isocrateo.

383 4201 415 4264 p.
435 4183 555 4245 stonss
579 4181 712 4268 Μηδεὶς
735 4183 773 4250 δέ
786 4177 825 4267 μ’
840 4177 975 4268 άγνοεῑν
989 4177 1146 4270 ὑπολάβῃ
1161 4179 1244 4273 μηδ’
1262 4178 1316 4252 ότι
1329 4182 1439 4272 Ἁφα-

302 4275 379 4365 ρεὺς
405 4331 411 4344 .
434 4331 469 4346 ..
495 4279 695 4368 διορίζεται,
725 4334 789 4350 ...
814 4305 900 4353 vers.
920 4310 945 4352 ιε
972 4281 1053 4373 μηδ’
1071 4281 1125 4352 ότι
1150 4337 1157 4352 .
1179 4337 1214 4354 ..
1241 4309 1346 4376 φησιν
1370 4339 1377 4352 .
1400 4337 1436 4352 ..
