3272 4920
307 377 365 438 ιιι
736 408 780 422 -
827 373 911 452 [ιιι]
958 405 1002 418 -

303 561 513 646 probabiliter
544 559 703 644 Dionysio
739 560 925 624 tribuemus.
982 556 1131 639 Denique
1163 557 1295 622 verbum
1329 553 1443 620 πολλὰ

304 673 408 729 utrum
430 664 500 747 ipse
518 662 625 728 rhetor
642 683 683 727 an
699 661 885 745 posterioris
907 661 1061 744 temporis
1083 661 1183 725 lector
1200 659 1318 743 aliquis
1340 659 1442 725 inter·

303 767 470 852 polarerit‚
496 765 635 830 discerni
657 764 777 847 nequit,

389 886 426 948 B.
452 885 562 948 Altero
577 884 646 948 loco
661 883 742 948 illud
756 903 850 965 quam
867 882 1007 948 maxime
1022 881 1194 948 ridendum
1216 889 1276 962 est,
1302 901 1441 964 quonam

305 987 453 1072 Dionysii
468 987 502 1050 iu
518 1005 613 1070 opere
629 985 827 1069 Thucydidis
842 985 942 1050 verbu
958 983 1140 1062 laudentur,
1165 983 1264 1066 idque
1280 983 1323 1048 ad
1339 983 1442 1049 maio-

302 1111 371 1155 rem
392 1089 591 1174 potissimum
615 1097 648 1154 et
669 1089 825 1153 minorem
847 1087 887 1153 de
909 1086 1098 1172 Thucydide
1120 1087 1235 1152 librum
1259 1086 1408 1171 pertinet.

388 1191 509 1257 Maiore
532 1192 616 1256 enirn
642 1191 724 1256 libro
748 1191 854 1256 studia
877 1209 936 1255 sua
959 1189 1163 1274 Thucydidia
1187 1189 1374 1273 diligenter,
1406 1201 1442 1254 ut

302 1303 369 1360 tum
393 1302 463 1360 erat
485 1295 661 1360 litterarum
685 1301 805 1372 status,
830 1294 995 1358 elaboratu
1022 1292 1144 1376 publici
1173 1292 1252 1358 iuris
1280 1293 1373 1370 tecit,
1406 1292 1440 1357 in

303 1417 366 1479 quo
390 1397 443 1462 uhi
458 1395 678 1480 Thncydidem
701 1395 823 1474 laudat,
850 1395 947 1460 uerbo
969 1403 1063 1459 tenus
1078 1395 1245 1478 exemplar
1267 1413 1303 1460 se
1316 1394 1442 1460 exseri-

302 1501 378 1565 bere
401 1499 617 1583 eomplurihus
647 1499 727 1564 loeis
757 1497 962 1582 significatu,
994 1517 1187 1580 quamquam
1216 1505 1377 1581 quatenus
1406 1498 1441 1564 id

303 1603 435 1678 valeret,
463 1603 542 1668 satis
565 1602 689 1686 experti
712 1621 833 1668 sumus.

390 1723 510 1788 Contra
541 1741 671 1806 prorsus
704 1723 769 1786 alia
802 1721 949 1805 opusculi
978 1720 1020 1786 de
1049 1720 1249 1805 Thucydidis
1278 1721 1441 1788 idiomatis

305 1825 448 1890 condicio
470 1833 529 1889 est.
576 1825 697 1890 Maiore
720 1843 815 1909 opere
836 1826 869 1889 in
893 1825 997 1890 lucem
1027 1825 1129 1903 edito,
1163 1845 1225 1908 quo
1254 1822 1368 1890 πάντα
1399 1822 1442 1890 τὰ

304 1925 447 2009 δεόμενα
482 1925 584 2011 λόγου
615 1924 701 2008 μετὰ
734 1935 800 1992 τῶν
829 1926 963 1992 οἰκείων
991 1923 1200 2006 ἀποδείξειαν
1232 1947 1290 2012 pro
1319 1929 1442 1997 n’rr'hns

302 2031 535 2112 illustraverat,
561 2039 731 2114 postquam
753 2029 974 2114 Thucydidem
1003 2031 1069 2095 iam
1098 2031 1188 2115 prius
1217 2031 1250 2096 in
1280 2030 1372 2096 libris
1400 2031 1442 2096 de

303 2133 480 2198 oratoribus
506 2133 674 2216 antiquis²l
702 2141 734 2196 et
756 2131 798 2197 de
819 2132 996 2198 imitatione
1006 2135 1026 2214 ³)
1054 2133 1219 2212 tractarit,
1251 2133 1437 2214 Ammaous,

303 2235 358 2317 qui
382 2226 480 2321 ἦττον
503 2229 715 2320 ἠκριβῶσθαι
743 2231 803 2310 τὰς
829 2231 964 2320 γραφάς
993 2234 1042 2316 {de
1064 2233 1252 2319 Thucydide
1274 2235 1437 2320 iudicium)

303 2341 448 2423 putabat,
474 2358 546 2404 eum
569 2338 757 2404 adhortatus
780 2346 839 2420 est,
865 2345 911 2416 ut,
937 2339 1076 2420 quaein
1099 2338 1281 2404 universum
1296 2337 1441 2405 historici

301 2440 456 2508 idiomata
477 2449 698 2508 enumerasset
724 2445 762 2522 lo.
786 2443 826 2504 24
850 2441 892 2507 de
914 2439 1044 2521 Thue.),
1070 2442 1228 2526 exemplis
1248 2441 1439 2510 illustraret.

302 2543 404 2620 Quem
427 2545 569 2610 lahorem
586 2551 618 2610 et
632 2544 747 2628 ipsum,
774 2563 814 2609 ne
830 2542 907 2626 quid
922 2543 1238 2626 praetermitteretur,
1263 2543 1441 2627 Dionysius

303 2645 454 2729 suscepit.
495 2645 560 2711 Sed
582 2646 717 2711 inritum
741 2665 814 2711 eum
836 2643 897 2710 hoe
919 2645 1034 2712 secisse
1056 2647 1129 2730 ipsa
1151 2647 1220 2711 eius
1236 2647 1334 2712 verba
1347 2665 1442 2711 mou-

303 2755 405 2812 straut
431 2749 512 2831 (cap.
535 2751 576 2811 1t,
614 2749 751 2813 Putasse
774 2767 810 2812 se
832 2747 878 2812 ait
900 2748 979 2814 satis
1001 2767 1161 2832 superque
1184 2747 1225 2813 de
1247 2747 1442 2832 Thucydide

303 2849 426 2915 duobus
456 2850 606 2934 operibus
629 2857 736 2916 aetum
763 2869 851 2924 esse;
882 2851 947 2914 iam
977 2870 1053 2917 vero
1083 2856 1117 2915 ut
1145 2851 1194 2915 illi
1223 2849 1439 2932 satisfaceret,

302 2951 539 3028 scholasticum,
566 2971 630 3018 non
651 2951 934 3018 demonstrativum
958 2951 1087 3017 dicendi
1109 2953 1237 3017 modum
1260 2971 1296 3018 se
1317 2953 1443 3018 electu-

302 3074 382 3118 rum.
431 3053 631 3136 Quamquam
654 3053 940 3120 demonstrativum
971 3054 1099 3120 modum
1130 3055 1236 3120 minus
1258 3055 1292 3120 iu
1315 3055 1442 3122 deliciis

303 3177 338 3222 se
361 3154 479 3222 hahere
502 3165 612 3242 aperte
634 3157 738 3222 innuit
760 3158 801 3222 de
823 3177 851 3222 e.
876 3178 906 3221 v.
933 3177 967 3242 p.
991 3161 1064 3222 151⁴
1087 3151 1301 3243 ὑπέρμετρον
1323 3157 1441 3240 ἔμελλε

303 3257 522 3346 φανήσεσθαι
545 3257 582 3324 τὸ
606 3257 781 3344 σύνταγμα
804 3261 859 3324 καὶ
884 3257 1089 3341 σχολικὸν
1110 3259 1241 3342 μᾶλλον
1263 3255 1283 3346 ἢ
1305 3283 1443 3344 παραγ-

301 3360 464 3445 γελτικόν.
516 3365 626 3428 rouen
649 3360 739 3428 πολὺ
761 3359 823 3447 γὰρ
848 3357 890 3427 ἂν
913 3355 931 3448 ἡ
956 3361 1112 3440 σύνταξις
1135 3359 1172 3427 τὸ
1196 3369 1303 3449 μῑγκος
1325 3361 1438 3444 λάβοι,

302 3465 358 3527 καὶ
381 3464 474 3544 δέος,
500 3457 626 3550 μήποτ’
646 3463 694 3541 εἰς
718 3461 795 3540 τοὺς
818 3461 1050 3545 σχολικοὺς
1074 3463 1152 3548 ἐκβῇ
1167 3470 1382 3550 χαρακτῆρας
1405 3462 1442 3529 ἔκ

302 3573 367 3634 τῶν
388 3559 714 3652 ὑπομνηματισμῶν.

386 3686 491 3766 Idem,
518 3687 550 3752 ni
580 3687 685 3766 fallor,
711 3687 859 3772 {taedium
890 3687 989 3752 rerba
1017 3687 1086 3752 eius
1108 3686 1251 3753 indicant
1273 3707 1301 3754 c.
1328 3687 1440 3752 Μαι

304 3783 377 3854 Ἵνα
390 3790 427 3854 δὲ
442 3783 788 3875 εὐπαρακολούθητος
804 3783 821 3853 ὁ
838 3787 938 3873 λόγος
954 3811 1008 3854 σοι
1027 3793 1172 3875 γένηται,
1192 3791 1339 3874 προθεὶς
1355 3786 1443 3854 κατὰ

301 3893 392 3970 λέξιν
414 3885 477 3956 ὅσα
501 3893 580 3975 περὶ
603 3898 663 3958 τοῦ
685 3897 907 3977 συγγραφέως
929 3889 1084 3976 τυγχάνω
1107 3887 1316 3978 προειρηκὼς
1343 3895 1380 3974 (c.
1400 3895 1441 3957 24

372 4097 390 4159 ¹)
410 4094 453 4150 Cf.
478 4093 548 4148 κατὰ
567 4096 642 4156 λέξιν
661 4093 768 4160 odiente)
790 4093 913 4167 γράφων
936 4097 1030 4154 82318,
1052 4097 1128 4160 8326,
1152 4097 1247 4161 91310,
1269 4097 1371 4160 94911;
1402 4095 1440 4150 ef.

303 4181 398 4245 836ιι,
413 4183 490 4235 838ι.
521 4179 592 4233 κατὰ
611 4181 686 4242 λέξιν
704 4180 812 4246 odrotrl
828 4179 934 4252 rodose
952 4185 1029 4247 etti,
1045 4184 1145 4247 stlta,
1166 4179 1202 4237 ct.
1218 4183 1302 4234 Sttre
1321 4184 1332 4246 ΙΙ
1355 4181 1376 4246 ²)
1397 4179 1441 4238 Cf.

304 4267 370 4317 rese
395 4269 405 4330 y
434 4266 453 4329 υ
476 4265 517 4320 cf.
538 4269 614 4318 sior.
