3274 4938
306 539 424 624 pergit:
451 540 549 619 ‚euch
577 539 628 605 fiir
655 541 773 606 andere
800 543 915 605 winter
938 541 1051 607 liessen
1076 539 1142 604 sich
1167 539 1249 604 wohl
1273 539 1456 604 bestimmte

307 647 482 730 stellungen
501 647 553 712 bei
573 647 633 712 den
653 646 816 731 tragikern
835 647 1005 724 ermitteln,
1022 667 1145 712 woraus
1164 667 1235 711 man
1256 646 1456 710 nachweisen

307 753 435 832 klinnle,
453 755 526 822 dam
540 753 586 820 sie
599 755 658 818 wie
672 755 725 818 die
739 753 850 838 epiker
863 755 928 820 und
943 753 1115 818 beeonders
1129 752 1256 829 Homer,
1274 757 1457 836 stereolype

307 861 484 946 etellungen
520 861 585 926 und
617 859 855 944 verbindungen
887 861 938 926 fiir
970 861 1100 944 gewisse
1132 860 1180 924 cll
1210 859 1456 924 verkommende

306 967 482 1033 ausdriicke
504 967 626 1044 hatten,
649 967 779 1044 welche,
803 989 893 1032 werin
911 968 991 1032 auch
1011 967 1062 1032 die
1080 966 1210 1031 freiheit
1228 967 1283 1032 des
1302 966 1456 1032 dichteri-

306 1074 402 1139 sehen
425 1073 580 1140 schaffens
604 1074 856 1152 beschriinkend,
882 1075 964 1139 doch
986 1075 1133 1158 geeignet
1156 1093 1260 1140 waren
1283 1074 1378 1138 ihnen
1403 1073 1456 1137 bei

306 1181 364 1244 der
390 1180 606 1262 handhabung
634 1181 689 1246 dee
712 1201 902 1246 versmaeses
925 1179 1060 1246 vielfach
1084 1180 1316 1263 erleichterung
1339 1199 1377 1244 zu
1401 1200 1457 1262 ge

307 1287 463 1364 wahren“,
483 1325 520 1335 -
544 1287 577 1352 id
596 1308 653 1352 suo
671 1289 741 1352 iure
760 1289 799 1353 de
819 1288 967 1371 elegiacis
985 1288 1088 1371 poetis
1106 1287 1169 1353 dici
1188 1292 1301 1371 petest.
1323 1333 1326 1340 -

396 2034 566 2118 Postquam
589 2035 672 2100 hunc
690 2034 833 2100 libellum
856 2033 1047 2119 amplissimo
1069 2032 1330 2119 philosophorum
1349 2033 1455 2098 ordini

307 2141 568 2226 argentoratensi
591 2142 723 2219 tradidi,
746 2147 870 2226 perlem
894 2163 1011 2219 eorum,
1034 2163 1114 2225 quae
1139 2142 1204 2226 ipse
1228 2161 1455 2226 congesseram,

307 2249 436 2313 edoctus
468 2238 536 2316 eum
567 2254 830 2331 praeoccupatam
858 2269 926 2312 esse
954 2245 994 2313 ab
1022 2248 1140 2314 Ioamre
1168 2247 1204 2314 G.
1233 2247 1392 2313 Roschero
1420 2248 1454 2312 in

306 2375 494 2438 programm.
518 2355 680 2438 gymnasii
714 2353 949 2438 Freibergeneie
981 2377 1008 2420 a.
1040 2355 1122 2420 1871
1152 2361 1184 2420 et
1214 2355 1307 2420 1872.
1357 2353 1454 2438 ‘lypis

206 2457 211 2466 ’
307 2469 412 2526 temen
440 2461 676 2544 exprimendam
708 2463 814 2525 curavi
846 2482 915 2526 eam
942 2460 1075 2526 formam
1103 2460 1202 2526 libelli
1229 2463 1305 2538 mei,
1337 2483 1399 2545 qua
1426 2463 1454 2526 is

307 2573 374 2632 tum
398 2574 475 2644 eret,
499 2591 569 2633 cum
591 2567 784 2654 amplissimo
807 2567 853 2632 illi
877 2568 981 2634 ordini
1004 2569 1142 2634 traditus
1165 2573 1221 2632 est.

622 4423 710 4475 lapsine
723 4425 784 4476 typis
797 4423 960 4466 Poeachelii
978 4427 1001 4466 et
1016 4423 1139 4477 Treptli.
