3262 4926
802 411 1018 473 ..18-

340 595 421 660 duce
436 595 589 680 Bricgero
609 595 776 679 (Philolog.
796 597 919 684 XXIX,
939 602 1001 662 417
1017 603 1102 682 sqq.)
1122 619 1177 666 eos
1193 617 1305 664 versus
1321 618 1363 664 ex
1378 599 1488 664 altera

343 699 528 764 recensione
551 699 593 764 ab
615 698 687 782 ipso
710 707 806 783 poeta
828 700 916 766 lacta
937 707 1023 768 ortos
1046 707 1206 785 putemus.
1246 701 1343 785 Atqui
1358 701 1387 766 si
1402 721 1487 766 cou-

342 801 539 880 sideramus,
565 809 638 866 utra
659 802 803 868 recensio
826 803 914 888 prior
937 803 1044 880 suerit,
1070 804 1202 870 dubium
1224 824 1288 869 non
1311 811 1375 884 est,
1402 805 1484 887 quin

341 908 480 969 51-53
503 904 679 989 posteriore
709 912 855 990 tempore
883 907 994 992 scripti
1024 907 1088 972 sint
1116 927 1211 990 quam
1236 911 1288 971 31.
1335 907 1419 972 Nam
1450 917 1486 974 et

316 1035 320 1045 ·
343 1008 519 1092 pleniorem
541 1006 757 1074 definitionem
781 1009 937 1092 praebent
957 1017 989 1076 et
1005 1009 1086 1075 illud
1102 999 1249 1092 dereptae
1264 1010 1298 1074 in
1313 1027 1407 1074 versu
1424 1011 1480 1088 32,

342 1111 412 1194 qni,
439 1111 467 1176 si
490 1130 602 1176 versus
626 1113 766 1175 51-53
790 1133 810 1177 a
831 1120 928 1196 poeta
956 1113 1149 1197 compositos
1171 1112 1332 1192 ducimus,
1359 1111 1402 1176 ad
1424 1131 1484 1178 ecc

340 1233 467 1298 quoqne
490 1213 681 1298 pertinebat,
707 1215 804 1295 satia,
830 1216 893 1281 nisi
916 1215 1022 1292 fallor,
1048 1216 1149 1293 docet,
1176 1217 1217 1282 ab
1239 1215 1330 1282 initio
1352 1235 1482 1282 versum

415 1339 495 1402 quac
517 1316 610 1402 quari
629 1320 827 1382 membranae
848 1340 994 1382 cumano
1017 1319 1061 1382 de
1084 1341 1254 1402 corpore
1276 1339 1408 1382 reram

342 1421 495 1506 scriptum
525 1421 638 1486 inisse.
685 1421 737 1486 An
766 1441 841 1486 reru
876 1441 989 1488 censes
1026 1421 1095 1486 ficri
1128 1422 1291 1506 potuisse,
1321 1428 1357 1487 ut
1384 1428 1484 1506 pocta

341 1532 456 1610 postea
478 1524 565 1589 illam
589 1523 806 1589 definitionem
821 1526 942 1603 mallet,
962 1525 1134 1608 imaginem
1150 1526 1198 1591 rei
1211 1524 1360 1591 corticem
1376 1525 1484 1610 potius

342 1627 596 1700 nominitandam
611 1633 706 1693 esset
734 1627 891 1693 Nimirum
906 1627 1096 1708 addidisset,
1117 1629 1144 1694 si
1160 1629 1193 1693 in
1208 1629 1281 1712 ipsa
1295 1628 1485 1712 quaestione

342 1731 383 1795 de
395 1729 575 1795 simulacris
587 1730 733 1795 instituta
744 1730 931 1812 invenisset,
943 1731 1069 1796 corticis
1077 1731 1224 1815 exemplo
1236 1732 1318 1797 bene
1326 1731 1482 1797 illustrari

342 1833 526 1898 simulacra.
574 1832 639 1898 Sed
662 1832 689 1898 si
712 1853 764 1899 res
787 1834 830 1898 ita
855 1853 890 1900 se
912 1834 1063 1914 haberet,
1089 1853 1194 1899 nonne
1221 1841 1424 1918 exspectares
1447 1834 1483 1898 in

340 1937 416 2022 ipsa
438 1935 679 2002 simulacrorum
701 1936 846 2002 doctrina
869 1936 1039 2003 tractanda
1061 1957 1133 2002 eum
1148 1937 1209 2003 hoc
1225 1937 1372 2021 exemplo
1387 1957 1483 2002 usum

343 2041 437 2106 esset
480 2039 584 2122 Atque
606 2038 689 2122 quod
712 2040 938 2122 gravissimum
961 2047 1020 2121 est,
1046 2040 1128 2105 illud
1149 2039 1277 2105 corticis
1299 2039 1484 2124 exemplum

342 2163 418 2208 num
430 2141 512 2208 aden
525 2142 569 2208 rei
582 2142 854 2209 accommodatum
867 2151 926 2222 est,
942 2151 976 2208 ut
987 2151 1114 2228 poetam
1131 2143 1236 2209 facere
1248 2162 1310 2208 non
1324 2143 1478 2226 potuisse,

344 2245 421 2329 quin
444 2245 477 2310 id
490 2245 611 2310 ultima
634 2265 730 2310 mann
752 2245 918 2326 insereret,
945 2245 1141 2312 iudicemus?
1184 2247 1267 2311 Nam
1291 2267 1363 2312 cum
1385 2253 1484 2330 poeta

345 2350 392 2415 sic
414 2347 586 2432 inciperet:
613 2369 693 2432 qaae
716 2349 810 2432 quani
828 2351 1036 2425 membranae,
1061 2349 1095 2413 id
1118 2349 1320 2433 potissimum
1344 2348 1478 2430 studuit,

344 2461 379 2516 ut
390 2450 556 2517 tenuitatis
569 2450 811 2533 simulacrorum
827 2451 1008 2536 exemplum
1021 2458 1198 2534 quaereret,
1216 2471 1317 2534 eaque
1329 2450 1370 2516 de
1381 2469 1483 2516 causa

343 2555 481 2639 primum
505 2553 668 2619 adiecerat
689 2575 808 2617 mmmo
831 2555 868 2618 de
891 2576 1031 2637 corpore.
1078 2555 1121 2619 At
1150 2561 1258 2620 cortex
1286 2573 1391 2636 neque
1413 2560 1482 2618 tam

343 2657 448 2723 tenuis
471 2663 535 2737 cst,
562 2663 597 2721 ut
619 2657 776 2740 aptiorem
799 2676 929 2722 sensum
959 2655 1110 2722 exhibeat
1137 2677 1232 2740 quam
1262 2657 1479 2737 membranae,

343 2780 465 2842 neque,
492 2759 578 2842 quod
600 2759 679 2825 mihi
707 2760 842 2824 multum
869 2759 978 2825 valere
1006 2758 1143 2838 ridetur,
1177 2758 1312 2824 eandem
1341 2759 1484 2842 speciem

343 2864 541 2944 formamque
571 2862 654 2944 gerit
686 2881 782 2944 quam
813 2863 909 2927 robur
936 2863 1059 2946 ipsum,
1099 2861 1183 2946 quod
1213 2861 1310 2944 tegit:
1343 2861 1376 2927 id
1406 2881 1485 2926 vcro

343 2966 506 3050 proprium
531 2971 580 3030 est
601 2965 861 3046 simulacrorum,
889 2971 940 3040 nt,
967 2964 1113 3047 quamvis
1136 2964 1247 3030 tenuia
1268 2963 1347 3048 sint,
1373 2973 1486 3032 tamen

345 3068 482 3134 eandem
506 3087 634 3153 semper
656 3067 795 3152 speciem
818 3087 896 3151 prae
920 3087 956 3134 se
979 3067 1084 3133 serant
1106 3088 1201 3150 qnam
1225 3088 1284 3133 eac
1307 3087 1369 3146 res,
1395 3067 1486 3134 uude

344 3178 472 3238 exeunt.
509 3171 595 3254 Ergo
611 3191 673 3236 non
689 3179 785 3255 pocta
797 3171 855 3237 ‘eos
871 3171 1008 3256 scripsit,
1025 3171 1082 3237 sed
1094 3171 1181 3236 idem
1192 3169 1249 3236 ille
1261 3157 1484 3254 interpolator.

430 3274 611 3358 Adscripsit
630 3273 738 3357 igitur,
765 3281 801 3338 ut
822 3274 930 3339 omnia
945 3273 1223 3359 comprehendam,
1249 3273 1342 3338 homo
1356 3273 1488 3339 nescio-

343 3378 417 3461 quis
440 3377 483 3443 ad
505 3397 616 3444 versus
640 3380 766 3442 26-28
789 3377 847 3442 illa
870 3378 968 3443 verba
990 3396 1030 3442 ex
1053 3376 1146 3442 tertio
1169 3376 1249 3442 libro
1275 3377 1423 3460 repetita,
1451 3385 1490 3443 nt

343 3483 376 3547 in
396 3489 516 3547 textum
531 3482 758 3565 reciperentur,
784 3488 908 3546 mutata
926 3480 1084 3564 particula
1106 3481 1198 3544 etin
1221 3480 1305 3560 ced,
1332 3479 1487 3562 qnoniam

343 3585 407 3670 ipsi
417 3605 529 3669 parum
542 3584 732 3650 concinnum
739 3584 918 3665 videbatur,
930 3582 1261 3648 duas'enuntiationes
1274 3581 1489 3648 secundariae

343 3711 364 3753 a
376 3688 567 3773 copulativis
579 3687 748 3772 particulis
760 3686 910 3766 exordiri,
926 3707 996 3751 curn
1009 3685 1199 3771 praesertim
1211 3686 1244 3750 in
1256 3705 1369 3751 versus
1380 3685 1489 3752 incute

345 3800 478 3872 starent,
505 3798 537 3856 et
559 3790 601 3855 ad
624 3809 753 3855 versum
778 3793 818 3853 30
833 3791 908 3855 illos
925 3797 1001 3868 tres,
1028 3809 1107 3870 qnos
1123 3789 1193 3872 ipse
1210 3787 1385 3853 fabricatus
1402 3797 1486 3864 erat,

344 3904 379 3961 ut
401 3903 516 3979 poetae
532 3895 632 3960 verba
646 3893 724 3974 suis,
751 3893 912 3976 quaesibi
932 3893 1056 3976 aptiora
1072 3891 1266 3972 riderentur,
1293 3889 1488 3975 depelleret.

344 3998 409 4065 Sed
438 3999 484 4078 is,
516 3997 572 4080 qni
594 3995 736 4062 codicem
766 3995 862 4060 huius
889 3995 1127 4079 interpolatoris
1157 3995 1375 4076 transcripsit,
1407 3995 1492 4060 reti-

345 4100 414 4164 nuit
441 4099 591 4165 traditam
623 4099 829 4182 scripturam,
862 4097 988 4162 addidit
1017 4103 1127 4162 tamen
1159 4115 1215 4162 eas
1245 4095 1488 4169 adnotationes,

344 4223 416 4268 cnm
453 4203 569 4285 quibus
602 4221 716 4268 versus
749 4203 801 4264 29.
840 4205 880 4266 30
915 4200 1096 4284 coniunxit,
1138 4201 1207 4265 sinc
1244 4198 1360 4282 quibus
1397 4201 1493 4266 nulla

343 4305 427 4369 iuter
449 4325 485 4370 se
508 4305 730 4370 coniunctione
752 4304 877 4387 positae
900 4303 1101 4384 videbantur,
1128 4302 1188 4367 snb
1211 4301 1351 4386 paginae
1374 4301 1489 4386 linem,
