3304 4928
612 477 652 486 -
702 439 796 522 [233]
844 477 886 486 .-

1278 439 1319 504 89

176 635 302 718 Optime
326 633 439 699 Suidas
467 635 663 699 imm-emo
691 633 811 699 scholio
835 641 927 698 νοῶν
952 655 1010 718 pro
1034 635 1145 720 δηλῶν
1169 634 1320 700 submini-

177 747 272 818 σασα
296 743 437 825 ineptum
460 741 544 806 enim
568 747 616 807 est
639 740 703 805 alia
726 741 839 818 dicere,
862 739 925 805 alia
948 742 1121 806 enuntiare.

266 953 316 1018 Ad
340 975 367 1018 v.
394 955 447 1020 17:

284 1077 305 1142 S
330 1101 353 1143 s.
377 1079 417 1162 gl.

181 1183 316 1270 Θρέττε·
351 1177 428 1250 ἀντὶ
459 1191 522 1250 τοῦ

178 1289 369 1377 θαρραλέον

320 1635 378 1679 om.

283 1935 340 1999 καὶ
364 1927 521 2020 ἀνδρεῖον

174 2043 232 2107 καὶ
269 2033 388 2126 θρασδ.
459 2035 521 2108 οδκ

174 2146 266 2215 ἔστιν
291 2147 406 2228 εἰπεῖν,
435 2137 453 2214 δ
482 2142 522 2214 σύ

174 2256 303 2339 διανοῇ.

285 2470 335 2535 Ad
359 2492 385 2534 v.
409 2470 466 2534 31:

171 2595 192 2662 S
218 2617 242 2660 s.
267 2595 307 2680 gl.
331 2593 472 2680 Βρέτας·

172 2693 521 2786 εἴδωλονᾶγαλμαιια-

173 2803 217 2896 ρὰ
237 2797 277 2873 τὸ
293 2812 405 2894 βροτῷ
417 2803 520 2872 ἐοικέ-

171 2940 237 2982 ναι.

318 3043 377 3086 om.

436 3120 522 3214 πρὸς

171 3237 312 3320 τέμενος
362 3227 382 3322 ἢ
436 3227 522 3320 πρὸς

173 3341 250 3421 ἕδος
291 3334 312 3430 ἢ
353 3333 439 3429 πρὸς
486 3335 522 3406 ἄ-

172 3453 282 3536 γαλμα
297 3453 392 3514 θεῶν
412 3445 523 3526 ἱκέτας

173 3551 343 3644 γενέσθαι.

727 1079 769 1143 R:

576 1285 615 1358 τὸ
638 1291 831 1378 θαρραλέον

718 2721 776 2764 om.

853 2797 920 2868 ἱκέ-

575 2903 921 2998 ταςκαθίσαι.ἢκατα-

576 3033 694 3104 φυγεῖν
708 3010 794 3106 πρὸς
803 3017 922 3103 βρέτας

1118 1076 1191 1142 VO:

1152 1175 1239 1249 Ῑέντὶ
1261 1189 1323 1246 τοῦ

976 1289 1177 1378 θαρραλέον.
1243 1280 1322 1354 οὐδὲ

976 1388 1015 1464 τό
1053 1389 1156 1481 τυχὸν
1196 1393 1322 1481 ἔχω[ν],

976 1507 1067 1592 φησὶ,
1090 1506 1168 1592 περὶ
1188 1500 1321 1570 τούτων

976 1613 1091 1679 εἰπεῖν.
1139 1610 1260 1698 θρέττε
1285 1611 1321 1676 δὲ

975 1721 1172 1806 βαρβαριστὶ
1246 1711 1322 1784 α’ντὶ

976 1834 1038 1892 τοῦ
1053 1833 1206 1910 θαρρεῖν,
1230 1817 1322 1909 παρὰ

976 1927 1016 1999 τὸ
1040 1924 1152 2019 θρασὺ
1180 1933 1237 1998 καὶ
1265 1925 1321 1996 οἷν-

978 2041 1104 2124 δρεϊον·
1139 2031 1201 2105 οὐκ
1231 2035 1322 2105 ἔστιν

977 2134 1039 2212 οὖν
1072 2144 1193 2227 εἰπεῖν,
1226 2137 1246 2212 δ
1280 2139 1320 2212 σύ

978 2254 1103 2336 διανοῇ.

980 2689 1119 2781 Ἅγαλμα
1174 2703 1278 2778 θεῶν,

975 2817 1179 2884 προσπεσεῖν
1195 2804 1240 2885 δὲ,
1260 2802 1323 2870 ἱκέ-

975 2903 1218 2989 ταςκαθὶσαι.Ἁ
1197 2935 1323 2999 ηκατα

977 3009 1324 3105 φογεῑνπρδςβρέτας,

975 3117 1061 3252 πρὸς
1094 3115 1202 3211 ιερὸν,
1238 3118 1324 3211 πρὸς

975 3232 1114 3316 τέμενος
1163 3224 1185 3318 ἢ
1238 3223 1325 3319 πρὸς

977 3331 1135 3426 έδραν’
1113 3363 1134 3426 η
1170 3329 1256 3425 πρὸς
1289 3333 1323 3403 δι-

977 3450 1085 3531 γαλμα
1108 3451 1213 3511 θεῶν.
1251 3447 1311 3532 βρέ
1311 3490 1323 3500 -

977 3577 1037 3630 τας
1057 3552 1095 3618 δὲ
1114 3551 1240 3639 εἴρηται
1255 3544 1323 3619 ιῖπδ

978 3666 1039 3724 τοῦ
1052 3663 1164 3745 βροτῷ
1179 3657 1323 3725 ἐοικέναι

979 3758 1070 3832 αὐτό.

173 3951 236 4017 Hic
258 3953 393 4031 apparet
415 3945 535 4011 scholia
558 3945 701 4012 codicum
727 3945 786 4011 VO
804 3944 926 4026 duabus
950 3965 989 4010 ex
1006 3943 1152 4029 partibus
1171 3951 1325 4025 oonstare,

174 4076 309 4144 quarum
325 4053 426 4120 altera
441 4052 568 4118 breuior
584 4049 695 4130 ἱκέτας
708 4055 848 4119 καθίσαι
861 4045 882 4140 ἢ
896 4063 1102 4136 καταφυγεῖν
1111 4043 1197 4137 πρὸς
1206 4047 1325 4139 βρέτας

173 4169 270 4232 etiam
295 4162 328 4225 in
351 4161 390 4225 Β8
414 4161 611 4238 adseruatur,
634 4161 736 4226 altera
758 4163 859 4226 maior
882 4167 914 4225 et
938 4181 1017 4244 quae
1040 4160 1179 4242 priorem
1203 4167 1324 4244 partem

172 4275 213 4340 ab
238 4276 375 4350 utroquo
397 4269 497 4336 latere
522 4269 710 4334 circumdat:
736 4267 878 4333 εἴδωλον
903 4261 1031 4352 ἄγαλμα
1054 4258 1146 4352 παρὰ
1171 4259 1210 4332 τὸ
1241 4258 1325 4352 (ἀπὸ
1430 4299 1442 4314 ·
1478 4287 1482 4295 ·

173 4387 236 4447 τοῦ
268 4378 339 4460 ΥΘ)
371 4378 483 4461 βροτῷ
512 4370 658 4440 ἐοικέναι
686 4366 785 4459 (αὐτὸ
813 4376 885 4441 add.
916 4373 989 4460 VO)
1018 4379 1050 4439 et
1075 4365 1161 4458 πρὸς
1188 4370 1326 4457 τέμενος

173 4482 195 4577 ἢ
217 4475 304 4572 πρὸς
331 4477 406 4559 έδος
430 4478 545 4568 (ἕδραν
576 4481 647 4568 VO)
675 4475 695 4570 ἢ
724 4473 810 4568 πρὸς
838 4475 967 4567 ἄγαλμα
994 4486 1089 4546 θεῶν
1117 4480 1325 4547 recentissimi
