3258 4928
333 365 394 426 aar
764 399 807 410 -
855 365 937 447 teos]
986 399 1031 412 -

419 570 503 616 vere.
523 554 542 615 6
566 545 677 616 οὐκέτι
700 551 805 636 syth,
840 545 917 618 odat
939 551 1002 618 lac.
1030 553 1048 613 λ
1072 551 1133 617 litt.
1159 557 1216 636 της
1231 549 1282 616 M:
1317 543 1376 616 οὐκ
1399 551 1437 614 R.

419 673 504 720 vers.
524 657 541 716 7
566 647 648 719 αὐτὸ
664 655 713 720 M:
740 647 831 739 αὐτῷ
853 655 909 740 ΒΙΙ
931 654 1205 741 προσδεχομένης
1227 652 1276 718 M:
1304 674 1471 738 προσεχο-

333 760 435 843 μένης
452 756 481 821 R
497 758 509 842 ΙΙ
525 757 799 844 προσδεχομένης
821 777 934 824 rasura
957 763 1041 823 5-6
1057 757 1119 823 litt.
1146 751 1242 823 οὔπω
1257 756 1291 822 Μ
1313 757 1347 822 in
1370 763 1468 836 textu,
1601 765 1604 776 '

333 860 365 924 in
396 881 460 944 mg.
488 855 678 927 ἀποδοῦναι
707 862 771 926 lac.
796 867 893 926 t-5
916 861 975 928 litt.
1009 857 1071 946 γάρ
1103 857 1141 938 ὃς
1156 861 1169 947 ΙΙ
1192 859 1228 926 δέ
1260 857 1298 936 ὃς
1327 880 1358 944 p.
1379 863 1468 924 eren

335 957 426 1039 δ’ὃς
449 963 559 1049 sylb:
594 960 657 1049 γὰρ
682 960 720 1040 ὃς
742 964 819 1028 MR.

412 1077 504 1150 'vers
527 1089 561 1148 ll
594 1082 738 1166 δύναμίν
767 1107 799 1148 τι
821 1085 852 1148 Μ
876 1105 908 1168 p.
936 1085 1046 1149 ates:
1080 1079 1225 1165 δύναμιν
1253 1105 1286 1148 τι
1307 1081 1340 1146 Μ
1370 1078 1472 1148 δύνα-

333 1211 392 1269 μιν
415 1187 446 1250 τὶ
469 1187 506 1250 R.

420 1326 505 1373 vers.
526 1311 565 1373 13
590 1305 655 1372 εἴτε
679 1307 736 1370 καὶ
759 1307 958 1394 φιλοτιμίαν
986 1327 1019 1391 p.
1038 1307 1113 1371 9801
1146 1304 1212 1371 εἴτε
1244 1305 1421 1392 φιλοτιμία
1443 1305 1472 1368 R

334 1428 375 1474 ex
398 1408 524 1475 Reiskii
545 1410 745 1476 coniectura:
775 1403 792 1496 ἡ
816 1411 993 1496 φιλοτιμία
1015 1410 1083 1474 hle.

418 1529 497 1596 Inde
520 1551 541 1595 a
563 1550 657 1596 versu
684 1529 819 1615 septimo
841 1533 939 1597 verba
968 1530 1033 1596 alio
1056 1528 1150 1595 modo
1179 1527 1351 1615 perscripsi
1374 1547 1470 1613 qnam

332 1632 364 1697 in
389 1631 583 1698 editionibus
605 1632 765 1716 leguntur.

417 1781 449 1845 p.
476 1763 582 1828 9932ss
614 1759 776 1838 Τοιοῦτός
807 1759 930 1828 ἐστιν.
959 1811 965 1823 .
994 1812 1000 1826 .
1036 1753 1053 1826 ὁ
1083 1751 1160 1825 κατ’
1189 1753 1469 1844 Ὀλυμπιοδώρου

332 1869 389 1950 τῆς
410 1861 552 1952 βλάβης.
597 1864 775 1930 Articulum
801 1871 860 1951 τῆς
887 1883 1057 1949 perperam
1086 1864 1312 1948 interpolatum
1343 1861 1467 1928 deleas.

332 1966 382 2033 Ol.
407 1967 449 2032 de
471 1987 506 2034 re
528 1967 707 2035 certissima
730 1988 759 2036 e.
781 1989 813 2052 g.
840 1989 872 2053 p.
892 1971 983 2034 66112
1006 1964 1104 2031 Κατὰ
1126 1967 1304 2053 Προξένου
1325 1963 1467 2054 βλάβης.

331 2089 416 2136 vere.
439 2073 475 2136 13
499 2067 585 2136 κατὰ
610 2072 865 2160 Κηφισοκλέους
888 2071 1033 2136 καὶτῶν
1056 2069 1190 2136 οἰκείων
1212 2069 1351 2158 βλάβης.

415 2221 446 2286 p.
465 2202 586 2266 995mss
608 2201 843 2268 Demosthenes
865 2201 988 2267 nullum
1015 2199 1143 2266 dicendi
1174 2219 1277 2284 genus
1306 2199 1465 2282 neglexit;

330 2323 404 2369 nam
427 2312 460 2370 et
481 2303 650 2371 sublimem
672 2303 856 2386 dictionem,
882 2325 946 2388 qua
961 2303 1167 2390 Thucydides
1190 2304 1330 2370 maxime
1345 2300 1470 2388 gande-

331 2411 394 2491 hat‚
407 2409 440 2474 in
451 2409 649 2475 orationihus
660 2409 809 2476 adhibuit
820 2417 853 2476 et
864 2417 959 2476 tenue
970 2429 1073 2494 genus
1081 2408 1182 2493 Lysia
1193 2409 1290 2476 etiam
1302 2415 1470 2493 praestan-

331 2511 394 2576 tius
417 2512 559 2578 exercuit
581 2521 624 2594 et,
650 2513 703 2596 qni
725 2513 761 2580 in
782 2512 888 2578 medio
910 2512 1081 2578 clarissimi
1103 2510 1204 2578 habiti
1228 2518 1303 2578 sunt
1323 2511 1470 2596 Thrasy-

331 2614 465 2680 machus
486 2615 644 2682 leucrates
665 2616 766 2692 Plato‚
798 2615 963 2702 superavit
984 2635 1105 2682 omnes.
1153 2615 1270 2682 ilibus
1293 2615 1344 2680 his
1366 2633 1469 2698 gener

331 2717 417 2783 ribus
432 2716 563 2784 totidem
586 2718 658 2784 libri
676 2717 717 2785 de
732 2719 958 2786 Demosthenis
973 2718 1111 2786 dictione
1134 2718 1312 2804 particulae
1332 2737 1470 2804 respon·

330 2819 418 2897 dent,
449 2840 581 2903 quarum
604 2820 639 2886 in
661 2821 823 2888 secundae
846 2829 879 2888 et
900 2821 1013 2888 tertiae
1036 2821 1171 2888 conlinio
1194 2843 1227 2906 p.
1247 2823 1368 2886 9951ass
1389 2821 1470 2886 Am·

330 2922 497 2990 bresianus
527 2923 607 2989 haec
636 2924 783 2992 exhibet:
817 2925 874 2990 καὶ
896 2920 993 2992 ταῦτ’
1041 2920 1102 3012 ἤδη
1125 2923 1275 3010 γνώριμα
1294 2920 1359 3014 ιοἱς
1381 2924 1470 3007 λέγω

331 3026 388 3091 καί
411 3019 517 3092 οὐδέν
539 3023 691 3109 δεόμεθα
713 3024 1010 3113 παραδειγμάτων.
1036 3022 1120 3094 ὥστε
1143 3029 1223 3113 περὶ
1245 3027 1309 3110 μὲν
1331 3033 1391 3092 τοῦ
1405 3050 1469 3108 χα-

332 3136 497 3216 ρακτῆρος
524 3131 585 3196 lac.
613 3133 631 3194 8
656 3130 717 3197 litt.
749 3131 868 3197 τοῦδέ
899 3131 1077 3219 ῥητορικοῦ
1106 3136 1223 3216 μένους
1252 3137 1313 3198 τοῦ
1340 3125 1470 3213 μεταξὺ

330 3239 396 3299 τῶν
423 3228 536 3318 ἄκρων
566 3231 726 3320 ἑκατέρου
755 3232 795 3300 δν
825 3229 923 3322 άτελῆ
952 3231 1164 3322 παραλαβὼν
1193 3227 1210 3298 ὃ
1239 3238 1468 3321 Δημοσθένης

331 3331 417 3422 παρ’
440 3331 650 3422 Ἰσοκράτους
673 3338 788 3403 τεκαὶ
810 3336 860 3403 ἔτι
883 3336 1051 3424 πρότερον
1076 3334 1305 3424 Θρασυμάχου
1333 3337 1390 3402 καὶ
1412 3359 1469 3402 τε·

329 3441 487 3505 λευταίου
509 3437 696 3518 Πλάτωνος
719 3439 927 3523 ἐτελείωσεν,
958 3437 1041 3508 ὅσον
1062 3431 1103 3529 ἦν
1126 3435 1330 3527 ἀνθρωπίνῃ
1361 3437 1468 3528 φύσει

331 3541 486 3623 δυνατὸν,
513 3540 625 3610 πολλὰ
647 3545 710 3626 μὲν
733 3541 775 3612 άν
802 3568 853 3622 τις
883 3543 918 3610 έκ
948 3551 1015 3612 τῶν
1043 3543 1129 3612 κατὰ
1153 3546 1331 3612 Φιλίππου
1361 3544 1469 3632 δημη-

330 3655 463 3733 χοριιῖιν,
490 3645 601 3713 πολλὰ
624 3642 654 3714 δ’
674 3646 791 3715 ἐκτῶν
813 3649 985 3735 δημοσίων
999 3646 1109 3733 λόχων
1123 3649 1385 3734 παραδείγματα
1408 3647 1471 3714 λά-

327 3757 396 3835 βοι.
444 3753 533 3818 Duas
556 3771 608 3818 res
631 3751 749 3818 codicis
771 3752 864 3818 lectio
886 3752 1016 3818 diversa
1040 3752 1098 3818 illa
1119 3751 1250 3835 quidem
1280 3751 1320 3818 ah
1349 3749 1468 3816 editio-

330 3877 404 3922 num
427 3875 486 3922 nos
509 3855 610 3938 docet,
638 3856 809 3922 secundam
833 3855 1023 3940 particulam
1045 3855 1128 3922 liniri
1151 3855 1256 3921 verbis
1280 3847 1362 3919 ὥστε
1386 3855 1468 3938 περὶ

329 3961 392 4042 μὲν
414 3966 474 4025 τοῦ
495 3967 705 4046 χαρακτῆρος
726 3960 831 4043 iisque
853 3979 936 4044 quae
957 3959 1136 4045 perierunt,
1171 3959 1297 4024 tertiam
1323 3958 1468 4042 incipere

329 4065 369 4130 ab
392 4064 456 4130 illis
480 4069 539 4130 τοῦ
562 4062 597 4128 δέ
621 4063 799 4149 ῥητορικοῦ
814 4068 931 4148 μένους
947 4063 1016 4128 κτλ..
1056 4063 1094 4128 In
1110 4061 1174 4128 fine
1190 4059 1348 4128 secundae
1364 4060 1468 4144 partis

332 4167 439 4249 ntique
462 4165 655 4233 adiectivnnr
677 4165 888 4244 desideratur,
920 4186 983 4249 qno
1012 4186 1075 4231 non
1104 4165 1198 4231 aliter
1222 4171 1317 4246 atque
1339 4163 1373 4226 in
1395 4162 1466 4248 pri-

330 4289 401 4334 mae
423 4269 486 4336 linc
510 4269 721 4355 significetur,
754 4269 808 4352 qni
839 4269 880 4336 sit
902 4270 1077 4350 character,
1106 4268 1146 4336 de
1169 4287 1231 4352 quo
1254 4265 1347 4332 modo
1369 4267 1470 4332 verba
