3274 4938
329 421 371 486 14
770 461 814 472 -
859 423 932 508 [ee]
981 459 1021 472 -

416 617 484 684 Hoc
507 617 670 684 obstamlo
693 619 825 685 disiecto
848 620 911 683 iam
933 619 1106 703 pericnlum
1129 625 1186 698 est,
1208 641 1248 685 ne
1270 620 1359 685 aliud
1381 619 1467 703 frag-

326 730 466 790 mentum
512 724 758 809 dieputationem
803 731 943 792 nostram
985 725 1130 792 debilitet
1170 732 1266 811 atque
1297 723 1468 810 infringat.

327 830 443 898 Versus
466 833 549 896 enim

373 955 608 1021 1151111111
635 979 697 1021 τοι
723 953 865 1035 πόσιος
887 959 952 1022 καὶ
978 953 1149 1043 βρώσιός
1176 957 1276 1024 εἰσιν
1300 952 1468 1044 ἑταῖροι,

373 1064 435 1128 116
504 1061 541 1128 ἐν
566 1062 602 1129 δὲ
625 1064 800 1150 σπουδαίῳ
823 1060 988 1151 πρήγματι
1011 1060 1225 1152 παυρότεροι,

325 1227 403 1290 quoe
427 1227 465 1272 ex
483 1206 654 1292 Phocylide
678 1207 879 1292 depromptos
903 1229 970 1274 esse
992 1207 1201 1292 probabiliter
1219 1207 1353 1274 coniecit
1370 1207 1468 1290 Berg-

325 1312 405 1390 kius,
427 1313 511 1379 infra
534 1336 597 1380 non
620 1335 713 1380 sensu
736 1314 792 1380 sed
814 1315 923 1398 paucis
947 1314 1050 1380 verbis
1074 1315 1204 1380 variatis
1227 1315 1388 1398 leguntur:

369 1437 434 1502 643
458 1438 606 1503 Πολλοὶ
638 1461 716 1523 παρ
747 1446 912 1526 κρητῆρι
944 1441 1054 1522 φίλοι
1085 1440 1268 1523 γίνονται
1300 1434 1468 1523 ἑταῖροι,

301 1557 309 1576 ·
370 1544 435 1609 644
504 1541 540 1610 ἐν
565 1544 599 1609 di
625 1545 798 1630 σπουδαίῳ
821 1543 988 1632 πρήγματι
1010 1541 1223 1646 παυρότεροι.

414 1686 475 1766 Qui
490 1708 598 1754 versus
617 1708 687 1754 cum
705 1693 840 1772 utroque
859 1688 929 1755 loco
945 1690 977 1752 in
997 1689 1225 1756 sententiarum
1240 1709 1355 1754 nexum
1368 1687 1467 1771 aptis·

326 1794 403 1859 sime
425 1794 590 1878 quadrent,
612 1816 676 1861 nou
699 1799 747 1861 est
769 1817 825 1861 our
847 1796 981 1862 alterum
1004 1801 1112 1862 utrum
1134 1795 1345 1880 fragmentum
1364 1794 1467 1860 elimi-

327 1921 443 1967 nemus.
480 1901 611 1967 Accedit
628 1903 713 1986 quod
736 1924 807 1968 cum
830 1911 862 1968 et
884 1903 978 1987 longo
1001 1902 1167 1969 intervallo
1186 1903 1305 1970 distent
1323 1908 1356 1968 et
1373 1922 1467 1986 argu-

326 2015 431 2074 mento
445 2008 618 2092 paullulum
633 2010 820 2096 discrepent,
834 2012 861 2076 is
875 2011 929 2096 q'ui
943 2009 1093 2094 reliquiae
1102 2009 1321 2094 Theognideas
1331 2007 1468 2092 collegit,

326 2121 495 2199 utrumque
517 2113 727 2200 fragmentum
745 2139 809 2184 non
827 2117 934 2202 inepte
953 2120 986 2182 in
1004 2123 1127 2183 textum
1144 2117 1285 2202 recipere
1303 2115 1364 2181 sibi
1382 2115 1468 2180 visus

326 2227 382 2288 est.
427 2223 533 2306 Atque
554 2223 751 2308 Hartungius
778 2225 903 2309 quidem
932 2224 1048 2290 iniuria
1074 2245 1181 2290 versus
1211 2221 1367 2290 115.116
1391 2242 1467 2287 cau-

325 2328 412 2394 cellis
439 2331 654 2397 circumdedit.
704 2332 771 2397 Hos
798 2332 881 2396 enim
914 2331 1125 2415 antiquiorem
1151 2331 1304 2416 praebere
1331 2329 1466 2414 speciem

325 2442 420 2521 etque
443 2437 576 2503 formam
599 2439 673 2504 inde
695 2459 848 2523 apparere
871 2439 1008 2516 videtum,
1030 2439 1116 2522 quod
1139 2439 1166 2504 is
1189 2439 1244 2522 qui
1267 2439 1467 2503 hexametro-

325 2564 395 2606 rum
423 2543 636 2610 collectionem
659 2545 838 2629 Phocylidis
864 2564 978 2612 nomen
1000 2565 1077 2629 prae
1099 2567 1133 2611 se
1161 2544 1316 2611 ferentem
1338 2544 1466 2609 concin-

325 2649 425 2727 navit,
452 2651 520 2716 sine
543 2651 640 2718 dubio
664 2674 703 2717 ex
725 2653 802 2737 ipsis
824 2653 1116 2737 antiquissimorum
1137 2656 1302 2737 poetarum
1325 2647 1468 2715 lontibus

325 2756 438 2822 hausit.
489 2759 621 2842 Legitur
648 2765 754 2824 autem
781 2760 867 2843 apud
893 2759 1216 2844 Pseudophocylidem
1244 2759 1275 2822 in
1302 2777 1394 2822 versu
1422 2755 1467 2820 92

325 2863 473 2930 editionis
504 2865 702 2948 Berghienae
733 2867 854 2932 πολλοὶ
885 2858 947 2952 γὰρ
975 2861 1095 2956 πόσιος
1121 2866 1178 2930 καὶ
1208 2859 1351 2950 βρώσιός
1383 2861 1468 2928 εἰσιν

326 2966 460 3058 ἑταῖροι,
520 2973 631 3056 Itaque
662 2973 724 3037 uisi
742 2979 923 3057 ,utrumque
954 2973 1112 3039 distichon
1144 2975 1176 3037 in
1208 2978 1298 3038 textu
1329 2969 1468 3035 retinere

325 3079 527 3156 voluerimuS,
553 3079 688 3145 alterum
710 3079 790 3144 illud
812 3080 954 3146 versibus
977 3079 1050 3144 643.
1070 3079 1136 3143 644
1158 3099 1339 3162 expressum
1361 3076 1469 3162 potius

326 3186 492 3252 delendum
515 3187 584 3252 erit.

415 3399 501 3466 Haec
527 3399 593 3466 fere
621 3401 661 3466 de
688 3399 832 3466 distichis
860 3402 944 3466 intre
970 3401 1108 3485 priorem
1131 3399 1204 3464 libri
1228 3397 1321 3482 primi
1344 3401 1469 3480 partem

326 3508 470 3592 repetitis
493 3507 627 3573 dicenda
649 3529 717 3574 esse
739 3505 936 3573 videbantur.
976 3506 1106 3572 Praeter
1124 3503 1262 3571 disticha
1279 3507 1385 3568 autem
1402 3501 1469 3580 iila,

253 3650 255 3654 ·
327 3615 367 3681 de
389 3615 503 3699 quibus
526 3615 618 3680 modo
636 3614 733 3680 verba
750 3614 888 3692 fecimus,
911 3619 1096 3697 repetuntur
1114 3612 1230 3697 singuli
1249 3632 1365 3686 versus,
1388 3630 1469 3693 quos

327 3722 465 3788 nondum
492 3723 525 3786 in
553 3721 798 3804 disputationem
825 3721 975 3806 protraxi.
1031 3721 1135 3806 Atque
1167 3718 1315 3802 incipiam
1347 3713 1387 3779 ab
1421 3715 1469 3780 eis

327 3829 381 3913 qui
403 3828 444 3893 ad
468 3827 597 3894 verbum
620 3829 747 3913 repetiti
770 3834 856 3906 sunt,
884 3850 945 3912 quo
972 3828 1005 3894 in
1028 3847 1157 3892 numero
1181 3831 1254 3891 sunt
1277 3823 1468 3908 pentametri

327 3935 393 4001 540
420 3943 454 4002 et
480 3933 545 4001 554
574 3934 602 4001 el
628 3927 671 4023 μὴ
699 3927 779 4023 ἐμὴν
811 3931 947 4022 γνώμην
963 3925 1163 4016 Ιἐξαπατῶσι
1191 3933 1283 4012 θεοί,
1315 3929 1369 4014 qui
1397 3949 1468 3994 cum

327 4044 509 4110 hexametro
536 4044 735 4110 antecedenti
762 4043 920 4110 coniuncti
946 4049 1056 4126 aptum
1082 4041 1237 4125 praebent
1263 4055 1388 4105 sensum
1414 4057 1468 4101 re-

327 4151 563 4236 stringendique
585 4152 648 4216 vim
675 4151 829 4228 indicent,
858 4156 893 4215 ut
919 4149 1003 4215 idem
1030 4149 1096 4214 fere
1119 4147 1244 4214 valeant
1271 4167 1308 4212 ac
1333 4143 1469 4209 latinum

328 4259 397 4337 ,nisi
421 4259 545 4343 egregie
567 4235 678 4324 fellcr'.
724 4257 802 4323 Cum
825 4257 979 4324 eiusmodi
1002 4255 1152 4320 formulas
1175 4255 1217 4320 ad
1240 4252 1392 4320 sermonis
1415 4272 1469 4317 co·

326 4365 441 4432 tidiani
477 4365 716 4432 similitudinem
752 4365 934 4450 saepissime
970 4368 1138 4448 usurpatas
1174 4361 1269 4428 fuisse
1305 4367 1402 4443 etque
1434 4360 1469 4424 in

327 4474 434 4566 poesin
458 4473 628 4558 elegiacam
651 4473 742 4540 facile
764 4473 860 4539 inseri
883 4473 1021 4557 potuisse
1044 4473 1285 4537 consentancum
1308 4467 1359 4544 sit,
1381 4468 1469 4550 quod
