<?xml version="1.0" encoding="UTF-8"?>
<!DOCTYPE html PUBLIC "-//W3C//DTD XHTML 1.0 Transitional//EN"
    "http://www.w3.org/TR/xhtml1/DTD/xhtml1-transitional.dtd">
<html xmlns="http://www.w3.org/1999/xhtml" xml:lang="en" lang="en">
 <head>
  <title>
</title>
<meta http-equiv="Content-Type" content="text/html;charset=utf-8" />
  <meta name='ocr-system' content='tesseract 3.04.00' />
  <meta name='ocr-capabilities' content='ocr_page ocr_carea ocr_par ocr_line ocrx_word'/>
</head>
<body>
  <div class='ocr_page' id='page_1' title='image "./dissertationesp01stragoog_0052.png"; bbox 0 0 3274 4938; ppageno 0'>
   <div class='ocr_carea' id='block_1_1' title="bbox 609 423 829 488">
    <p class='ocr_par' dir='ltr' id='par_1_1' title="bbox 609 423 829 488">
     <span class='ocr_line' id='line_1_1' title="bbox 609 423 829 488; baseline -0.005 -15"><span class='ocrx_word' id='word_1_1' title='bbox 609 423 829 488; x_wconf 66' lang='lat'><strong><em>„43-</em></strong></span> 
     </span>
    </p>
   </div>
   <div class='ocr_carea' id='block_1_2' title="bbox 144 593 1341 1536">
    <p class='ocr_par' dir='ltr' id='par_1_2' title="bbox 146 593 1341 899">
     <span class='ocr_line' id='line_1_2' title="bbox 146 593 1341 688; baseline 0.003 -23"><span class='ocrx_word' id='word_1_2' title='bbox 146 601 285 684; x_wconf 86' lang='lat' dir='ltr'>Theogn.</span> <span class='ocrx_word' id='word_1_3' title='bbox 305 601 347 665; x_wconf 90' lang='grc'>99</span> <span class='ocrx_word' id='word_1_4' title='bbox 368 623 413 685; x_wconf 89' lang='lat' dir='ltr'>sq.</span> <span class='ocrx_word' id='word_1_5' title='bbox 438 653 444 665; x_wconf 91' lang='lat'>.</span> <span class='ocrx_word' id='word_1_6' title='bbox 467 653 473 664; x_wconf 94' lang='lat'>.</span> <span class='ocrx_word' id='word_1_7' title='bbox 495 653 501 666; x_wconf 92' lang='lat'>.</span> <span class='ocrx_word' id='word_1_8' title='bbox 527 593 567 666; x_wconf 84' lang='grc' dir='ltr'><strong>σύ</strong></span> <span class='ocrx_word' id='word_1_9' title='bbox 591 601 628 667; x_wconf 77' lang='grc' dir='ltr'>δέ</span> <span class='ocrx_word' id='word_1_10' title='bbox 649 625 716 686; x_wconf 81' lang='grc' dir='ltr'><em>μοι,</em></span> <span class='ocrx_word' id='word_1_11' title='bbox 740 604 825 683; x_wconf 76' lang='grc' dir='ltr'><strong><em>φίλε,</em></strong></span> <span class='ocrx_word' id='word_1_12' title='bbox 849 593 943 666; x_wconf 82' lang='grc' dir='ltr'><em>ταῦτ’</em></span> <span class='ocrx_word' id='word_1_13' title='bbox 963 602 1013 666; x_wconf 79' lang='grc' dir='ltr'>ἐνὶ</span> <span class='ocrx_word' id='word_1_14' title='bbox 1035 607 1135 687; x_wconf 82' lang='grc' dir='ltr'>00μῴ</span> <span class='ocrx_word' id='word_1_15' title='bbox 1154 598 1289 688; x_wconf 76' lang='grc' dir='ltr'><strong>φράζευ.</strong></span> <span class='ocrx_word' id='word_1_16' title='bbox 1338 593 1341 600; x_wconf 63' lang='grc'><strong>’</strong></span> 
     </span>
     <span class='ocr_line' id='line_1_3' title="bbox 146 701 1291 793; baseline 0.003 -23"><span class='ocrx_word' id='word_1_17' title='bbox 146 708 202 771; x_wconf 86' lang='lat' dir='ltr'>cfr.</span> <span class='ocrx_word' id='word_1_18' title='bbox 222 707 296 772; x_wconf 88' lang='lat' dir='ltr'>Hes.</span> <span class='ocrx_word' id='word_1_19' title='bbox 315 729 377 790; x_wconf 85' lang='lat' dir='ltr'><strong>erg.</strong></span> <span class='ocrx_word' id='word_1_20' title='bbox 398 709 460 772; x_wconf 89' lang='grc'>687</span> <span class='ocrx_word' id='word_1_21' title='bbox 477 730 521 791; x_wconf 90' lang='lat' dir='ltr'>sq.</span> <span class='ocrx_word' id='word_1_22' title='bbox 542 759 570 772; x_wconf 93' lang='lat'>..</span> <span class='ocrx_word' id='word_1_23' title='bbox 591 701 676 774; x_wconf 77' lang='grc' dir='ltr'>ἀλλά</span> <span class='ocrx_word' id='word_1_24' title='bbox 695 701 725 773; x_wconf 85' lang='lat' dir='ltr'>o&#39;</span> <span class='ocrx_word' id='word_1_25' title='bbox 740 703 854 793; x_wconf 81' lang='grc' dir='ltr'><em>ἄνωγα</em></span> <span class='ocrx_word' id='word_1_26' title='bbox 873 705 1062 792; x_wconf 72' lang='grc' dir='ltr'><em>φράζεσθαι</em></span> <span class='ocrx_word' id='word_1_27' title='bbox 1079 703 1158 773; x_wconf 79' lang='grc' dir='ltr'><em>τάδε</em></span> <span class='ocrx_word' id='word_1_28' title='bbox 1178 704 1291 773; x_wconf 82' lang='grc' dir='ltr'><em>πάντα</em></span> 
     </span>
     <span class='ocr_line' id='line_1_4' title="bbox 598 807 827 899; baseline 0 -21"><span class='ocrx_word' id='word_1_29' title='bbox 598 807 681 897; x_wconf 70' lang='grc' dir='ltr'>μετὰ</span> <span class='ocrx_word' id='word_1_30' title='bbox 700 817 827 899; x_wconf 77' lang='grc' dir='ltr'>φρεσίν.</span> 
     </span>
    </p>

    <p class='ocr_par' dir='ltr' id='par_1_3' title="bbox 144 909 1292 1536">
     <span class='ocr_line' id='line_1_5' title="bbox 235 909 1292 1008; baseline 0.003 -24"><span class='ocrx_word' id='word_1_31' title='bbox 235 920 262 984; x_wconf 87' lang='lat' dir='ltr'>E</span> <span class='ocrx_word' id='word_1_32' title='bbox 294 941 424 986; x_wconf 90' lang='lat' dir='ltr'>numero</span> <span class='ocrx_word' id='word_1_33' title='bbox 456 927 621 1008; x_wconf 87' lang='lat' dir='ltr'>poetarum</span> <span class='ocrx_word' id='word_1_34' title='bbox 649 909 858 1005; x_wconf 82' lang='lat' dir='ltr'>elegiaoornm</span> <span class='ocrx_word' id='word_1_35' title='bbox 886 921 1031 987; x_wconf 87' lang='lat' dir='ltr'>Solonem</span> <span class='ocrx_word' id='word_1_36' title='bbox 1043 921 1068 1006; x_wconf 84' lang='grc'>1)</span> <span class='ocrx_word' id='word_1_37' title='bbox 1097 920 1232 985; x_wconf 84' lang='lat' dir='ltr'>maxime</span> <span class='ocrx_word' id='word_1_38' title='bbox 1259 927 1292 987; x_wconf 93' lang='lat' dir='ltr'>et</span> 
     </span>
     <span class='ocr_line' id='line_1_6' title="bbox 146 1027 1292 1112; baseline 0.001 -22"><span class='ocrx_word' id='word_1_39' title='bbox 146 1047 218 1090; x_wconf 88' lang='lat' dir='ltr'>eum</span> <span class='ocrx_word' id='word_1_40' title='bbox 245 1027 371 1110; x_wconf 85' lang='lat' dir='ltr'>quidem</span> <span class='ocrx_word' id='word_1_41' title='bbox 399 1028 432 1091; x_wconf 92' lang='lat' dir='ltr'>in</span> <span class='ocrx_word' id='word_1_42' title='bbox 461 1027 505 1092; x_wconf 91' lang='lat' dir='ltr'>eis</span> <span class='ocrx_word' id='word_1_43' title='bbox 531 1027 730 1110; x_wconf 89' lang='lat' dir='ltr'>potissimmn</span> <span class='ocrx_word' id='word_1_44' title='bbox 758 1027 866 1111; x_wconf 84' lang='lat' dir='ltr'>elegiis</span> <span class='ocrx_word' id='word_1_45' title='bbox 889 1027 1047 1112; x_wconf 83' lang='lat' dir='ltr'>Theognis</span> <span class='ocrx_word' id='word_1_46' title='bbox 1070 1027 1212 1092; x_wconf 87' lang='lat' dir='ltr'>imitatus</span> <span class='ocrx_word' id='word_1_47' title='bbox 1235 1033 1292 1100; x_wconf 87' lang='lat' dir='ltr'>est,</span> 
     </span>
     <span class='ocr_line' id='line_1_7' title="bbox 145 1132 1290 1218; baseline 0 -22"><span class='ocrx_word' id='word_1_48' title='bbox 145 1132 275 1214; x_wconf 88' lang='lat' dir='ltr'>quibus,</span> <span class='ocrx_word' id='word_1_49' title='bbox 304 1135 388 1218; x_wconf 85' lang='lat' dir='ltr'>quod</span> <span class='ocrx_word' id='word_1_50' title='bbox 412 1133 486 1199; x_wconf 87' lang='lat' dir='ltr'>Solo</span> <span class='ocrx_word' id='word_1_51' title='bbox 515 1134 646 1210; x_wconf 86' lang='lat' dir='ltr'>fecerat,</span> <span class='ocrx_word' id='word_1_52' title='bbox 673 1134 851 1217; x_wconf 81' lang='lat' dir='ltr'>„porditum</span> <span class='ocrx_word' id='word_1_53' title='bbox 879 1135 1016 1198; x_wconf 83' lang='lat' dir='ltr'>civitatis</span> <span class='ocrx_word' id='word_1_54' title='bbox 1039 1139 1156 1199; x_wconf 86' lang='lat' dir='ltr'>statum</span> <span class='ocrx_word' id='word_1_55' title='bbox 1180 1134 1290 1216; x_wconf 87' lang='lat' dir='ltr'>depin-</span> 
     </span>
     <span class='ocr_line' id='line_1_8' title="bbox 145 1239 1291 1324; baseline 0.002 -22"><span class='ocrx_word' id='word_1_56' title='bbox 145 1239 258 1324; x_wconf 82' lang='lat' dir='ltr'>xit.“²)</span> <span class='ocrx_word' id='word_1_57' title='bbox 295 1240 384 1317; x_wconf 80' lang='lat' dir='ltr'>Quod</span> <span class='ocrx_word' id='word_1_58' title='bbox 409 1261 472 1304; x_wconf 93' lang='lat' dir='ltr'>non</span> <span class='ocrx_word' id='word_1_59' title='bbox 495 1241 597 1305; x_wconf 89' lang='lat' dir='ltr'>solum</span> <span class='ocrx_word' id='word_1_60' title='bbox 620 1241 795 1305; x_wconf 83' lang='lat' dir='ltr'>sententiae</span> <span class='ocrx_word' id='word_1_61' title='bbox 819 1263 857 1304; x_wconf 88' lang='lat' dir='ltr'>ox</span> <span class='ocrx_word' id='word_1_62' title='bbox 880 1240 1004 1306; x_wconf 84' lang='lat' dir='ltr'>Solonis</span> <span class='ocrx_word' id='word_1_63' title='bbox 1027 1239 1136 1322; x_wconf 84' lang='lat' dir='ltr'>elegiis</span> <span class='ocrx_word' id='word_1_64' title='bbox 1158 1241 1291 1304; x_wconf 76' lang='lat' dir='ltr'>haustae</span> 
     </span>
     <span class='ocr_line' id='line_1_9' title="bbox 144 1345 1292 1431; baseline 0.001 -22"><span class='ocrx_word' id='word_1_65' title='bbox 144 1345 291 1429; x_wconf 91' lang='lat' dir='ltr'>probant,</span> <span class='ocrx_word' id='word_1_66' title='bbox 314 1347 369 1410; x_wconf 84' lang='lat' dir='ltr'>sed</span> <span class='ocrx_word' id='word_1_67' title='bbox 392 1346 489 1410; x_wconf 89' lang='lat' dir='ltr'>etiam</span> <span class='ocrx_word' id='word_1_68' title='bbox 512 1347 613 1411; x_wconf 88' lang='lat' dir='ltr'>multa</span> <span class='ocrx_word' id='word_1_69' title='bbox 634 1346 738 1423; x_wconf 80' lang='lat' dir='ltr'>verba,</span> <span class='ocrx_word' id='word_1_70' title='bbox 762 1368 842 1431; x_wconf 89' lang='lat' dir='ltr'>quae</span> <span class='ocrx_word' id='word_1_71' title='bbox 865 1348 905 1411; x_wconf 86' lang='lat' dir='ltr'>ad</span> <span class='ocrx_word' id='word_1_72' title='bbox 929 1367 980 1410; x_wconf 90' lang='lat' dir='ltr'>res</span> <span class='ocrx_word' id='word_1_73' title='bbox 998 1346 1105 1410; x_wconf 84' lang='lat' dir='ltr'>civiles</span> <span class='ocrx_word' id='word_1_74' title='bbox 1123 1345 1292 1428; x_wconf 88' lang='lat' dir='ltr'>pertinent,</span> 
     </span>
     <span class='ocr_line' id='line_1_10' title="bbox 145 1450 1291 1536; baseline 0 -21"><span class='ocrx_word' id='word_1_75' title='bbox 145 1452 229 1535; x_wconf 86' lang='lat' dir='ltr'>apud</span> <span class='ocrx_word' id='word_1_76' title='bbox 249 1453 463 1534; x_wconf 82' lang='lat' dir='ltr'>Theognidem</span> <span class='ocrx_word' id='word_1_77' title='bbox 487 1454 643 1536; x_wconf 87' lang='lat' dir='ltr'>leguntur,</span> <span class='ocrx_word' id='word_1_78' title='bbox 666 1453 781 1536; x_wconf 90' lang='lat' dir='ltr'>quibus</span> <span class='ocrx_word' id='word_1_79' title='bbox 799 1451 873 1518; x_wconf 85' lang='lat' dir='ltr'>Solo</span> <span class='ocrx_word' id='word_1_80' title='bbox 892 1453 1028 1536; x_wconf 90' lang='lat' dir='ltr'>primum</span> <span class='ocrx_word' id='word_1_81' title='bbox 1047 1453 1080 1515; x_wconf 90' lang='lat' dir='ltr'>in</span> <span class='ocrx_word' id='word_1_82' title='bbox 1100 1450 1291 1516; x_wconf 79' lang='lat' dir='ltr'><strong>carminibus</strong></span> 
     </span>
    </p>
   </div>
   <div class='ocr_carea' id='block_1_3' title="bbox 145 1555 1399 1643">
    <p class='ocr_par' dir='ltr' id='par_1_4' title="bbox 145 1555 1399 1643">
     <span class='ocr_line' id='line_1_11' title="bbox 145 1555 1399 1643; baseline -0.002 -22"><span class='ocrx_word' id='word_1_83' title='bbox 145 1578 219 1622; x_wconf 88' lang='lat' dir='ltr'>usus</span> <span class='ocrx_word' id='word_1_84' title='bbox 235 1559 366 1622; x_wconf 84' lang='lat' dir='ltr'>videtur.</span> <span class='ocrx_word' id='word_1_85' title='bbox 391 1559 486 1623; x_wconf 88' lang='lat' dir='ltr'>Velut</span> <span class='ocrx_word' id='word_1_86' title='bbox 499 1555 666 1643; x_wconf 74' lang='grc' dir='ltr'><em>μόναρχος</em></span> <span class='ocrx_word' id='word_1_87' title='bbox 680 1558 742 1623; x_wconf 84' lang='lat' dir='ltr'>Sol.</span> <span class='ocrx_word' id='word_1_88' title='bbox 753 1559 783 1635; x_wconf 89' lang='lat'>9,</span> <span class='ocrx_word' id='word_1_89' title='bbox 792 1559 822 1623; x_wconf 90' lang='lat'>3.</span> <span class='ocrx_word' id='word_1_90' title='bbox 846 1559 985 1642; x_wconf 83' lang='lat' dir='ltr'>Theogn.</span> <span class='ocrx_word' id='word_1_91' title='bbox 997 1558 1040 1622; x_wconf 83' lang='grc'>52</span> <span class='ocrx_word' id='word_1_92' title='bbox 1057 1557 1069 1643; x_wconf 68' lang='lat' dir='ltr'>ti</span> <span class='ocrx_word' id='word_1_93' title='bbox 1087 1557 1290 1642; x_wconf 75' lang='grc' dir='ltr'><em>διχσστασὶηε</em></span> <span class='ocrx_word' id='word_1_94' title='bbox 1396 1588 1399 1593; x_wconf 91' lang='grc'><em>·</em></span> 
     </span>
    </p>
   </div>
   <div class='ocr_carea' id='block_1_4' title="bbox 145 1659 1290 1875">
    <p class='ocr_par' dir='ltr' id='par_1_5' title="bbox 145 1659 1290 1878">
     <span class='ocr_line' id='line_1_12' title="bbox 145 1659 1287 1751; baseline -0.001 -23"><span class='ocrx_word' id='word_1_95' title='bbox 145 1663 208 1728; x_wconf 81' lang='grc'><strong>801.</strong></span> <span class='ocrx_word' id='word_1_96' title='bbox 219 1665 250 1739; x_wconf 86' lang='grc'><strong>4,</strong></span> <span class='ocrx_word' id='word_1_97' title='bbox 260 1664 310 1728; x_wconf 90' lang='grc'>38.</span> <span class='ocrx_word' id='word_1_98' title='bbox 331 1663 468 1748; x_wconf 82' lang='lat' dir='ltr'>Theogn.</span> <span class='ocrx_word' id='word_1_99' title='bbox 481 1665 521 1730; x_wconf 91' lang='grc'>78</span> <span class='ocrx_word' id='word_1_100' title='bbox 536 1664 547 1750; x_wconf 69' lang='lat' dir='ltr'>il</span> <span class='ocrx_word' id='word_1_101' title='bbox 566 1659 725 1751; x_wconf 75' lang='grc' dir='ltr'><em>δημόσιον</em></span> <span class='ocrx_word' id='word_1_102' title='bbox 741 1661 862 1730; x_wconf 78' lang='grc' dir='ltr'><em>κακόνε</em></span> <span class='ocrx_word' id='word_1_103' title='bbox 878 1665 1042 1740; x_wconf 66' lang='grc'><strong>001427.</strong></span> <span class='ocrx_word' id='word_1_104' title='bbox 1067 1665 1204 1744; x_wconf 84' lang='lat' dir='ltr'>Theogn.</span> <span class='ocrx_word' id='word_1_105' title='bbox 1216 1663 1260 1727; x_wconf 80' lang='lat'>50</span> <span class='ocrx_word' id='word_1_106' title='bbox 1276 1663 1287 1749; x_wconf 68' lang='grc'>11</span> 
     </span>
     <span class='ocr_line' id='line_1_13' title="bbox 146 1765 1290 1875; baseline -0.001 -42"><span class='ocrx_word' id='word_1_107' title='bbox 146 1765 260 1844; x_wconf 83' lang='grc' dir='ltr'><em>στάσις</em></span> <span class='ocrx_word' id='word_1_108' title='bbox 284 1765 442 1875; x_wconf 59' lang='lat' dir='ltr'>ippotae:</span> <span class='ocrx_word' id='word_1_109' title='bbox 471 1771 532 1836; x_wconf 84' lang='lat' dir='ltr'>Sol.</span> <span class='ocrx_word' id='word_1_110' title='bbox 552 1772 582 1846; x_wconf 87' lang='grc'>4,</span> <span class='ocrx_word' id='word_1_111' title='bbox 605 1773 652 1835; x_wconf 86' lang='grc'>19.</span> <span class='ocrx_word' id='word_1_112' title='bbox 690 1766 796 1851; x_wconf 81' lang='grc' dir='ltr'><em>φόνος</em></span> <span class='ocrx_word' id='word_1_113' title='bbox 816 1767 975 1856; x_wconf 60' lang='lat' dir='ltr'>spaera:</span> <span class='ocrx_word' id='word_1_114' title='bbox 1003 1769 1142 1854; x_wconf 84' lang='lat' dir='ltr'>Theogn.</span> <span class='ocrx_word' id='word_1_115' title='bbox 1162 1769 1213 1845; x_wconf 81' lang='lat'>51,</span> <span class='ocrx_word' id='word_1_116' title='bbox 1232 1776 1290 1833; x_wconf 89' lang='lat' dir='ltr'>etc.</span> 
     </span>
    </p>
   </div>
   <div class='ocr_carea' id='block_1_5' title="bbox 678 2037 755 2119">
    <p class='ocr_par' dir='ltr' id='par_1_6' title="bbox 678 2037 755 2119">
     <span class='ocr_line' id='line_1_14' title="bbox 678 2037 755 2119; baseline -0.026 0"><span class='ocrx_word' id='word_1_117' title='bbox 678 2037 755 2119; x_wconf 88' lang='lat' dir='ltr'><strong>Vll.</strong></span> 
     </span>
    </p>
   </div>
   <div class='ocr_carea' id='block_1_6' title="bbox 377 2205 1058 2287">
    <p class='ocr_par' dir='ltr' id='par_1_7' title="bbox 377 2205 1058 2287">
     <span class='ocr_line' id='line_1_15' title="bbox 377 2205 1058 2287; baseline -0.001 -13"><span class='ocrx_word' id='word_1_118' title='bbox 377 2207 693 2275; x_wconf 88' lang='lat' dir='ltr'>Observationes</span> <span class='ocrx_word' id='word_1_119' title='bbox 721 2205 773 2275; x_wconf 91' lang='lat' dir='ltr'>de</span> <span class='ocrx_word' id='word_1_120' title='bbox 799 2206 1058 2287; x_wconf 78' lang='lat' dir='ltr'><strong>pentametro</strong></span> 
     </span>
    </p>
   </div>
   <div class='ocr_carea' id='block_1_7' title="bbox 204 2353 1236 2512">
    <p class='ocr_par' dir='ltr' id='par_1_8' title="bbox 204 2353 1236 2512">
     <span class='ocr_line' id='line_1_16' title="bbox 204 2353 1236 2423; baseline -0.003 -14"><span class='ocrx_word' id='word_1_121' title='bbox 204 2360 372 2423; x_wconf 88' lang='lat' dir='ltr'>postremo</span> <span class='ocrx_word' id='word_1_122' title='bbox 390 2354 464 2408; x_wconf 89' lang='lat' dir='ltr'>loco</span> <span class='ocrx_word' id='word_1_123' title='bbox 484 2355 615 2420; x_wconf 80' lang='lat' dir='ltr'>addam,</span> <span class='ocrx_word' id='word_1_124' title='bbox 635 2362 670 2408; x_wconf 89' lang='lat' dir='ltr'>ut</span> <span class='ocrx_word' id='word_1_125' title='bbox 688 2355 726 2409; x_wconf 87' lang='lat' dir='ltr'>de</span> <span class='ocrx_word' id='word_1_126' title='bbox 746 2361 818 2408; x_wconf 86' lang='lat' dir='ltr'>arte</span> <span class='ocrx_word' id='word_1_127' title='bbox 838 2353 1057 2422; x_wconf 79' lang='lat' dir='ltr'>Theognidea</span> <span class='ocrx_word' id='word_1_128' title='bbox 1075 2353 1236 2408; x_wconf 86' lang='lat' dir='ltr'>indicium</span> 
     </span>
     <span class='ocr_line' id='line_1_17' title="bbox 609 2442 827 2512; baseline -0.009 -16"><span class='ocrx_word' id='word_1_129' title='bbox 609 2442 691 2496; x_wconf 82' lang='lat' dir='ltr'>fieri</span> <span class='ocrx_word' id='word_1_130' title='bbox 710 2442 827 2512; x_wconf 82' lang='lat' dir='ltr'>possit.</span> 
     </span>
    </p>
   </div>
   <div class='ocr_carea' id='block_1_8' title="bbox 148 2583 1285 2653">
    <p class='ocr_par' dir='ltr' id='par_1_9' title="bbox 148 2583 1285 2653">
     <span class='ocr_line' id='line_1_18' title="bbox 148 2583 1285 2653; baseline -0.001 -15"><span class='ocrx_word' id='word_1_131' title='bbox 148 2587 173 2639; x_wconf 92' lang='lat'>1.</span> <span class='ocrx_word' id='word_1_132' title='bbox 197 2583 241 2640; x_wconf 84' lang='lat' dir='ltr'>De</span> <span class='ocrx_word' id='word_1_133' title='bbox 260 2583 450 2653; x_wconf 78' lang='lat' dir='ltr'>dactylorum</span> <span class='ocrx_word' id='word_1_134' title='bbox 470 2587 501 2638; x_wconf 89' lang='lat' dir='ltr'>et</span> <span class='ocrx_word' id='word_1_135' title='bbox 520 2585 718 2650; x_wconf 81' lang='lat' dir='ltr'>spondeornm</span> <span class='ocrx_word' id='word_1_136' title='bbox 738 2599 792 2639; x_wconf 88' lang='lat' dir='ltr'>usn</span> <span class='ocrx_word' id='word_1_137' title='bbox 811 2585 843 2638; x_wconf 86' lang='lat' dir='ltr'>tn</span> <span class='ocrx_word' id='word_1_138' title='bbox 863 2585 964 2651; x_wconf 85' lang='lat' dir='ltr'>priore</span> <span class='ocrx_word' id='word_1_139' title='bbox 983 2585 1167 2651; x_wconf 72' lang='lat' dir='ltr'>pentametri</span> <span class='ocrx_word' id='word_1_140' title='bbox 1183 2587 1285 2650; x_wconf 81' lang='lat' dir='ltr'>parte:</span> 
     </span>
    </p>
   </div>
   <div class='ocr_carea' id='block_1_9' title="bbox 189 2709 1169 3744">
    <p class='ocr_par' dir='ltr' id='par_1_10' title="bbox 189 2709 1169 3744">
     <span class='ocr_line' id='line_1_19' title="bbox 234 2709 1169 2792; baseline -0.001 -19"><span class='ocrx_word' id='word_1_141' title='bbox 234 2709 330 2773; x_wconf 89' lang='lat' dir='ltr'>Binos</span> <span class='ocrx_word' id='word_1_142' title='bbox 349 2709 491 2792; x_wconf 73' lang='lat' dir='ltr'>dactylos</span> <span class='ocrx_word' id='word_1_143' title='bbox 510 2709 543 2773; x_wconf 90' lang='lat' dir='ltr'>in</span> <span class='ocrx_word' id='word_1_144' title='bbox 561 2711 666 2791; x_wconf 87' lang='lat' dir='ltr'>priore</span> <span class='ocrx_word' id='word_1_145' title='bbox 684 2710 874 2790; x_wconf 84' lang='lat' dir='ltr'>pentametri</span> <span class='ocrx_word' id='word_1_146' title='bbox 892 2714 984 2790; x_wconf 85' lang='lat' dir='ltr'>parte</span> <span class='ocrx_word' id='word_1_147' title='bbox 1002 2709 1169 2792; x_wconf 83' lang='lat' dir='ltr'>praebent:</span> 
     </span>
     <span class='ocr_line' id='line_1_20' title="bbox 189 2815 1074 2896; baseline -0.003 -17"><span class='ocrx_word' id='word_1_148' title='bbox 189 2816 238 2879; x_wconf 85' lang='lat' dir='ltr'>Ex</span> <span class='ocrx_word' id='word_1_149' title='bbox 277 2817 314 2879; x_wconf 93' lang='grc'>11</span> <span class='ocrx_word' id='word_1_150' title='bbox 337 2815 452 2879; x_wconf 83' lang='lat' dir='ltr'>Callini</span> <span class='ocrx_word' id='word_1_151' title='bbox 499 2863 771 2878; x_wconf 90' lang='grc'><strong><em>......</em></strong></span> <span class='ocrx_word' id='word_1_152' title='bbox 799 2815 1007 2896; x_wconf 80' lang='lat' dir='ltr'>pentametris</span> <span class='ocrx_word' id='word_1_153' title='bbox 1054 2817 1074 2876; x_wconf 98' lang='grc'><em>2</em></span> 
     </span>
     <span class='ocr_line' id='line_1_21' title="bbox 207 2921 1071 2997; baseline 0 -13"><span class='ocrx_word' id='word_1_154' title='bbox 207 2969 223 2997; x_wconf 88' lang='grc'>,,</span> <span class='ocrx_word' id='word_1_155' title='bbox 274 2922 316 2984; x_wconf 90' lang='grc'>22</span> <span class='ocrx_word' id='word_1_156' title='bbox 336 2921 517 2985; x_wconf 78' lang='lat' dir='ltr'>Archilochi</span> <span class='ocrx_word' id='word_1_157' title='bbox 556 2969 910 2996; x_wconf 86' lang='lat'><strong>.......</strong></span> <span class='ocrx_word' id='word_1_158' title='bbox 1054 2921 1071 2984; x_wconf 82' lang='lat'>7</span> 
     </span>
     <span class='ocr_line' id='line_1_22' title="bbox 207 3027 1073 3109; baseline 0.002 -19"><span class='ocrx_word' id='word_1_159' title='bbox 207 3075 223 3102; x_wconf 89' lang='lat'>‚‚</span> <span class='ocrx_word' id='word_1_160' title='bbox 274 3027 315 3090; x_wconf 93' lang='grc'>73</span> <span class='ocrx_word' id='word_1_161' title='bbox 335 3027 465 3109; x_wconf 84' lang='lat' dir='ltr'>Tyrtaei</span> <span class='ocrx_word' id='word_1_162' title='bbox 502 3075 909 3103; x_wconf 83' lang='lat'>........</span> <span class='ocrx_word' id='word_1_163' title='bbox 1033 3029 1073 3092; x_wconf 87' lang='grc'>14</span> 
     </span>
     <span class='ocr_line' id='line_1_23' title="bbox 207 3133 1075 3210; baseline -0.001 -13"><span class='ocrx_word' id='word_1_164' title='bbox 207 3182 224 3210; x_wconf 90' lang='grc'>,,</span> <span class='ocrx_word' id='word_1_165' title='bbox 274 3136 314 3198; x_wconf 89' lang='grc'>41</span> <span class='ocrx_word' id='word_1_166' title='bbox 338 3133 514 3197; x_wconf 90' lang='lat' dir='ltr'>Mimnermi</span> <span class='ocrx_word' id='word_1_167' title='bbox 553 3180 909 3208; x_wconf 87' lang='grc'><strong><em>.......</em></strong></span> <span class='ocrx_word' id='word_1_168' title='bbox 1035 3134 1075 3197; x_wconf 87' lang='grc'>14</span> 
     </span>
     <span class='ocr_line' id='line_1_24' title="bbox 206 3237 1071 3314; baseline 0.001 -13"><span class='ocrx_word' id='word_1_169' title='bbox 206 3287 223 3314; x_wconf 89' lang='grc'>,,</span> <span class='ocrx_word' id='word_1_170' title='bbox 253 3239 315 3304; x_wconf 91' lang='grc'>106</span> <span class='ocrx_word' id='word_1_171' title='bbox 336 3237 459 3303; x_wconf 88' lang='lat' dir='ltr'>Solonis</span> <span class='ocrx_word' id='word_1_172' title='bbox 501 3285 910 3314; x_wconf 89' lang='lat'>........</span> <span class='ocrx_word' id='word_1_173' title='bbox 1031 3241 1071 3303; x_wconf 91' lang='grc'>21</span> 
     </span>
     <span class='ocr_line' id='line_1_25' title="bbox 207 3344 1073 3427; baseline 0 -19"><span class='ocrx_word' id='word_1_174' title='bbox 207 3392 223 3419; x_wconf 86' lang='grc'>,,</span> <span class='ocrx_word' id='word_1_175' title='bbox 274 3346 316 3408; x_wconf 98' lang='grc'><strong>34</strong></span> <span class='ocrx_word' id='word_1_176' title='bbox 336 3344 539 3427; x_wconf 87' lang='lat' dir='ltr'>Xenophanis</span> <span class='ocrx_word' id='word_1_177' title='bbox 555 3391 898 3419; x_wconf 90' lang='lat'>......</span> <span class='ocrx_word' id='word_1_178' title='bbox 901 3391 908 3418; x_wconf 81' lang='lat'>,</span> <span class='ocrx_word' id='word_1_179' title='bbox 1052 3346 1073 3408; x_wconf 88' lang='lat'>4</span> 
     </span>
     <span class='ocr_line' id='line_1_26' title="bbox 207 3449 1069 3535; baseline 0.001 -23"><span class='ocrx_word' id='word_1_180' title='bbox 207 3498 223 3523; x_wconf 93' lang='lat'>„</span> <span class='ocrx_word' id='word_1_181' title='bbox 250 3451 315 3514; x_wconf 85' lang='grc'>406</span> <span class='ocrx_word' id='word_1_182' title='bbox 334 3449 527 3532; x_wconf 86' lang='lat' dir='ltr'>Theognidis</span> <span class='ocrx_word' id='word_1_183' title='bbox 537 3452 564 3535; x_wconf 81' lang='lat'>³)</span> <span class='ocrx_word' id='word_1_184' title='bbox 606 3500 611 3512; x_wconf 93' lang='lat'><strong><em>.</em></strong></span> <span class='ocrx_word' id='word_1_185' title='bbox 659 3500 665 3513; x_wconf 91' lang='lat'><strong>.</strong></span> <span class='ocrx_word' id='word_1_186' title='bbox 713 3501 719 3514; x_wconf 94' lang='lat'><strong>.</strong></span> <span class='ocrx_word' id='word_1_187' title='bbox 767 3501 773 3514; x_wconf 95' lang='lat'>.</span> <span class='ocrx_word' id='word_1_188' title='bbox 891 3497 908 3524; x_wconf 92' lang='lat'>„</span> <span class='ocrx_word' id='word_1_189' title='bbox 1011 3453 1069 3514; x_wconf 90' lang='grc'>101</span> 
     </span>
     <span class='ocr_line' id='line_1_27' title="bbox 206 3555 989 3640; baseline 0 -22"><span class='ocrx_word' id='word_1_190' title='bbox 206 3571 223 3630; x_wconf 75' lang='grc'>,’,</span> <span class='ocrx_word' id='word_1_191' title='bbox 256 3557 315 3620; x_wconf 88' lang='grc'>133</span> <span class='ocrx_word' id='word_1_192' title='bbox 334 3555 553 3638; x_wconf 85' lang='lat' dir='ltr'>gnomologiae</span> <span class='ocrx_word' id='word_1_193' title='bbox 563 3557 796 3640; x_wconf 86' lang='lat' dir='ltr'>Theognideae,</span> <span class='ocrx_word' id='word_1_194' title='bbox 811 3556 864 3639; x_wconf 92' lang='lat' dir='ltr'>qui</span> <span class='ocrx_word' id='word_1_195' title='bbox 881 3577 989 3619; x_wconf 85' lang='lat' dir='ltr'>versus</span> 
     </span>
     <span class='ocr_line' id='line_1_28' title="bbox 334 3660 1074 3744; baseline -0.001 -20"><span class='ocrx_word' id='word_1_196' title='bbox 334 3660 467 3724; x_wconf 84' lang='lat' dir='ltr'>aliorum</span> <span class='ocrx_word' id='word_1_197' title='bbox 486 3667 651 3744; x_wconf 82' lang='lat' dir='ltr'>poetarum</span> <span class='ocrx_word' id='word_1_198' title='bbox 671 3684 738 3727; x_wconf 85' lang='lat' dir='ltr'>esse</span> <span class='ocrx_word' id='word_1_199' title='bbox 757 3664 906 3726; x_wconf 83' lang='lat' dir='ltr'>videntur</span> <span class='ocrx_word' id='word_1_200' title='bbox 929 3709 935 3723; x_wconf 93' lang='lat'>.</span> <span class='ocrx_word' id='word_1_201' title='bbox 982 3709 989 3722; x_wconf 92' lang='lat'><strong>.</strong></span> <span class='ocrx_word' id='word_1_202' title='bbox 1032 3661 1074 3724; x_wconf 77' lang='lat'>25</span> 
     </span>
    </p>
   </div>
   <div class='ocr_carea' id='block_1_10' title="bbox 205 3753 1075 3949">
    <p class='ocr_par' dir='ltr' id='par_1_11' title="bbox 205 3753 1075 3949">
     <span class='ocr_line' id='line_1_29' title="bbox 205 3753 1073 3868; baseline -0.001 -38"><span class='ocrx_word' id='word_1_203' title='bbox 205 3815 222 3842; x_wconf 86' lang='lat'>‚,</span> <span class='ocrx_word' id='word_1_204' title='bbox 269 3753 315 3831; x_wconf 80' lang='grc'>20</span> <span class='ocrx_word' id='word_1_205' title='bbox 336 3767 543 3832; x_wconf 78' lang='lat' dir='ltr'>Anacreontis</span> <span class='ocrx_word' id='word_1_206' title='bbox 586 3818 613 3852; x_wconf 24' lang='lat'>¹.</span> <span class='ocrx_word' id='word_1_207' title='bbox 661 3818 667 3830; x_wconf 91' lang='lat'>.</span> <span class='ocrx_word' id='word_1_208' title='bbox 715 3821 720 3832; x_wconf 95' lang='lat'>.</span> <span class='ocrx_word' id='word_1_209' title='bbox 769 3820 781 3868; x_wconf 92' lang='lat'>·.</span> <span class='ocrx_word' id='word_1_210' title='bbox 821 3819 827 3831; x_wconf 92' lang='lat'><strong>.</strong></span> <span class='ocrx_word' id='word_1_211' title='bbox 874 3816 881 3828; x_wconf 87' lang='lat'><strong>.</strong></span> <span class='ocrx_word' id='word_1_212' title='bbox 928 3817 934 3829; x_wconf 91' lang='lat'><strong>.</strong></span> <span class='ocrx_word' id='word_1_213' title='bbox 982 3815 988 3828; x_wconf 91' lang='lat'><strong>.</strong></span> <span class='ocrx_word' id='word_1_214' title='bbox 1054 3769 1073 3829; x_wconf 87' lang='grc'><strong>6</strong></span> 
     </span>
     <span class='ocr_line' id='line_1_30' title="bbox 205 3872 1075 3949; baseline -0.002 -11"><span class='ocrx_word' id='word_1_215' title='bbox 205 3920 222 3949; x_wconf 91' lang='grc'>,,</span> <span class='ocrx_word' id='word_1_216' title='bbox 254 3875 315 3938; x_wconf 88' lang='grc'>134</span> <span class='ocrx_word' id='word_1_217' title='bbox 335 3872 505 3936; x_wconf 87' lang='lat' dir='ltr'>Simonidis</span> <span class='ocrx_word' id='word_1_218' title='bbox 525 3872 556 3938; x_wconf 86' lang='lat' dir='ltr'>C.</span> <span class='ocrx_word' id='word_1_219' title='bbox 609 3920 988 3938; x_wconf 92' lang='grc'><strong>........</strong></span> <span class='ocrx_word' id='word_1_220' title='bbox 1032 3873 1075 3936; x_wconf 89' lang='lat'>30</span> 
     </span>
    </p>
   </div>
   <div class='ocr_carea' id='block_1_11' title="bbox 146 3963 1159 3974">
    <p class='ocr_par' dir='ltr' id='par_1_12' title="bbox 146 3963 1159 3974">
     <span class='ocr_line' id='line_1_31' title="bbox 146 3963 1159 3974; baseline -0.003 -2"><span class='ocrx_word' id='word_1_221' title='bbox 146 3965 239 3972; x_wconf 69' lang='lat'>——-</span> <span class='ocrx_word' id='word_1_222' title='bbox 243 3963 1159 3974; x_wconf 58' lang='lat'><em>-—.-..--.-—-——————————-—-—-·---—.‘—-</em></span> 
     </span>
    </p>
   </div>
   <div class='ocr_carea' id='block_1_12' title="bbox 165 3992 1289 4079">
    <p class='ocr_par' dir='ltr' id='par_1_13' title="bbox 165 3992 1289 4079">
     <span class='ocr_line' id='line_1_32' title="bbox 165 3992 1289 4079; baseline -0.004 -20"><span class='ocrx_word' id='word_1_223' title='bbox 165 3995 214 4059; x_wconf 83' lang='lat' dir='ltr'>Ex</span> <span class='ocrx_word' id='word_1_224' title='bbox 235 3998 319 4062; x_wconf 82' lang='grc'><strong>1040</strong></span> <span class='ocrx_word' id='word_1_225' title='bbox 339 3999 545 4079; x_wconf 82' lang='lat' dir='ltr'>pentametris</span> <span class='ocrx_word' id='word_1_226' title='bbox 610 4047 615 4060; x_wconf 92' lang='lat'>.</span> <span class='ocrx_word' id='word_1_227' title='bbox 663 4048 669 4060; x_wconf 87' lang='lat'><strong>.</strong></span> <span class='ocrx_word' id='word_1_228' title='bbox 717 4047 722 4060; x_wconf 93' lang='lat'><em>.</em></span> <span class='ocrx_word' id='word_1_229' title='bbox 770 4047 776 4060; x_wconf 87' lang='lat'><strong>.</strong></span> <span class='ocrx_word' id='word_1_230' title='bbox 823 4047 829 4059; x_wconf 91' lang='lat'><strong>.</strong></span> <span class='ocrx_word' id='word_1_231' title='bbox 876 4045 882 4058; x_wconf 88' lang='lat'><strong>.</strong></span> <span class='ocrx_word' id='word_1_232' title='bbox 929 4045 934 4056; x_wconf 94' lang='lat'>.</span> <span class='ocrx_word' id='word_1_233' title='bbox 982 3996 1074 4060; x_wconf 89' lang='grc'>.224</span> <span class='ocrx_word' id='word_1_234' title='bbox 1094 3992 1289 4074; x_wconf 65' lang='grc' dir='ltr'><strong>;·21,501ο.</strong></span> 
     </span>
    </p>
   </div>
   <div class='ocr_carea' id='block_1_13' title="bbox 146 4113 288 4122">
    <p class='ocr_par' dir='ltr' id='par_1_14' title="bbox 146 4113 288 4122">
     <span class='ocr_line' id='line_1_33' title="bbox 146 4113 288 4122; baseline 0 -2"><span class='ocrx_word' id='word_1_235' title='bbox 146 4113 288 4122; x_wconf 39' lang='grc' dir='ltr'>,Μὰ-...-</span> 
     </span>
    </p>
   </div>
   <div class='ocr_carea' id='block_1_14' title="bbox 144 4163 1289 4506">
    <p class='ocr_par' dir='ltr' id='par_1_15' title="bbox 144 4163 1289 4329">
     <span class='ocr_line' id='line_1_34' title="bbox 235 4163 1289 4241; baseline -0.009 -11"><span class='ocrx_word' id='word_1_236' title='bbox 235 4163 377 4236; x_wconf 73' lang='grc' dir='ltr'>Ι1’Ζο1101,</span> <span class='ocrx_word' id='word_1_237' title='bbox 401 4173 562 4239; x_wconf 82' lang='lat' dir='ltr'>geschichte</span> <span class='ocrx_word' id='word_1_238' title='bbox 582 4173 631 4226; x_wconf 89' lang='lat' dir='ltr'>der</span> <span class='ocrx_word' id='word_1_239' title='bbox 650 4172 754 4241; x_wconf 81' lang='lat' dir='ltr'>grieeh.</span> <span class='ocrx_word' id='word_1_240' title='bbox 774 4169 949 4241; x_wconf 86' lang='lat' dir='ltr'>philosophie</span> <span class='ocrx_word' id='word_1_241' title='bbox 968 4171 988 4234; x_wconf 89' lang='lat'>1,</span> <span class='ocrx_word' id='word_1_242' title='bbox 1009 4187 1035 4240; x_wconf 90' lang='lat' dir='ltr'>p.</span> <span class='ocrx_word' id='word_1_243' title='bbox 1055 4173 1102 4225; x_wconf 83' lang='lat'>93:</span> <span class='ocrx_word' id='word_1_244' title='bbox 1132 4167 1289 4238; x_wconf 79' lang='lat' dir='ltr'>„Theognis</span> 
     </span>
     <span class='ocr_line' id='line_1_35' title="bbox 144 4249 1191 4329; baseline -0.003 -15"><span class='ocrx_word' id='word_1_245' title='bbox 144 4259 324 4328; x_wconf 80' lang='lat' dir='ltr'>allgemeiner</span> <span class='ocrx_word' id='word_1_246' title='bbox 343 4257 481 4313; x_wconf 85' lang='lat' dir='ltr'>sittlicher</span> <span class='ocrx_word' id='word_1_247' title='bbox 500 4261 671 4329; x_wconf 78' lang='lat' dir='ltr'>standpunkt</span> <span class='ocrx_word' id='word_1_248' title='bbox 690 4263 765 4315; x_wconf 87' lang='lat' dir='ltr'>steht</span> <span class='ocrx_word' id='word_1_249' title='bbox 784 4261 844 4314; x_wconf 90' lang='lat' dir='ltr'>dem</span> <span class='ocrx_word' id='word_1_250' title='bbox 865 4258 1039 4314; x_wconf 84' lang='lat' dir='ltr'>solonischen</span> <span class='ocrx_word' id='word_1_251' title='bbox 1058 4259 1157 4312; x_wconf 84' lang='lat' dir='ltr'>nahc.“</span> <span class='ocrx_word' id='word_1_252' title='bbox 1187 4249 1191 4256; x_wconf 77' lang='grc'><strong>’</strong></span> 
     </span>
    </p>

    <p class='ocr_par' dir='ltr' id='par_1_16' title="bbox 145 4345 1289 4506">
     <span class='ocr_line' id='line_1_36' title="bbox 233 4345 1289 4416; baseline -0.003 -14"><span class='ocrx_word' id='word_1_253' title='bbox 233 4348 253 4413; x_wconf 70' lang='lat'>²)</span> <span class='ocrx_word' id='word_1_254' title='bbox 273 4348 321 4402; x_wconf 85' lang='lat' dir='ltr'>cir.</span> <span class='ocrx_word' id='word_1_255' title='bbox 341 4346 481 4411; x_wconf 88' lang='lat' dir='ltr'>Welcker‚</span> <span class='ocrx_word' id='word_1_256' title='bbox 501 4347 517 4400; x_wconf 95' lang='grc'>1.</span> <span class='ocrx_word' id='word_1_257' title='bbox 539 4364 560 4400; x_wconf 89' lang='lat' dir='ltr'>c.</span> <span class='ocrx_word' id='word_1_258' title='bbox 581 4365 607 4416; x_wconf 89' lang='lat' dir='ltr'>p.</span> <span class='ocrx_word' id='word_1_259' title='bbox 628 4349 756 4403; x_wconf 84' lang='lat' dir='ltr'>XXXIX.</span> <span class='ocrx_word' id='word_1_260' title='bbox 853 4347 873 4404; x_wconf 73' lang='grc'>0</span> <span class='ocrx_word' id='word_1_261' title='bbox 901 4345 1015 4400; x_wconf 84' lang='lat' dir='ltr'>Omissis</span> <span class='ocrx_word' id='word_1_262' title='bbox 1039 4347 1078 4401; x_wconf 89' lang='lat' dir='ltr'>eis</span> <span class='ocrx_word' id='word_1_263' title='bbox 1098 4345 1223 4401; x_wconf 84' lang='lat' dir='ltr'>versibus</span> <span class='ocrx_word' id='word_1_264' title='bbox 1243 4345 1289 4415; x_wconf 86' lang='lat' dir='ltr'>qui</span> 
     </span>
     <span class='ocr_line' id='line_1_37' title="bbox 145 4433 954 4506; baseline 0.001 -19"><span class='ocrx_word' id='word_1_265' title='bbox 145 4433 260 4490; x_wconf 83' lang='lat' dir='ltr'>aliorum</span> <span class='ocrx_word' id='word_1_266' title='bbox 279 4441 422 4504; x_wconf 85' lang='lat' dir='ltr'>poetarum</span> <span class='ocrx_word' id='word_1_267' title='bbox 443 4434 570 4490; x_wconf 82' lang='lat' dir='ltr'>videntur</span> <span class='ocrx_word' id='word_1_268' title='bbox 589 4452 657 4491; x_wconf 86' lang='lat' dir='ltr'>esse.</span> <span class='ocrx_word' id='word_1_269' title='bbox 695 4436 744 4490; x_wconf 82' lang='lat' dir='ltr'>cir.</span> <span class='ocrx_word' id='word_1_270' title='bbox 764 4454 791 4506; x_wconf 94' lang='lat' dir='ltr'>p.</span> <span class='ocrx_word' id='word_1_271' title='bbox 811 4439 827 4490; x_wconf 81' lang='grc'><strong>6</strong></span> <span class='ocrx_word' id='word_1_272' title='bbox 846 4437 907 4490; x_wconf 82' lang='lat' dir='ltr'>adn.</span> <span class='ocrx_word' id='word_1_273' title='bbox 928 4437 954 4489; x_wconf 93' lang='grc'>2.</span> 
     </span>
    </p>
   </div>
   <div class='ocr_carea' id='block_1_15' title="bbox 0 0 1647 4938">
    <p class='ocr_par' dir='ltr' id='par_1_17' title="bbox 0 0 1647 4938">
     <span class='ocr_line' id='line_1_38' title="bbox 0 0 1647 4938; baseline 0 0"><span class='ocrx_word' id='word_1_274' title='bbox 0 0 1647 4938; x_wconf 95' lang='lat' dir='ltr'> </span> 
     </span>
    </p>
   </div>
  </div>
 </body>
</html>
