3304 4922
361 389 402 451 ne
794 421 840 433 -
887 386 971 469 [αα]
1015 418 1061 432 -

362 573 399 639 ἐν
418 581 463 638 τῶ
482 573 585 656 luxuri
606 596 637 659 p.
659 575 766 654 toth,
795 571 832 638 ἓν
846 579 892 636 τῶ
906 576 998 655 μέσα)
1020 572 1098 640 ibid.
1117 598 1141 654 s,
1167 579 1255 657 etp.
1278 575 1385 636 10691
1417 592 1449 638 c.
1472 576 1527 657 38,

361 677 414 742 ubi
436 676 476 742 de
499 682 629 743 austera
654 674 820 741 harmonia
842 675 1017 760 Dionysius
1040 677 1139 742 verbu
1169 674 1248 741 facit
1268 675 1436 760 plurima
1470 677 1530 743 ille

273 835 277 844 .
358 779 489 863 quidem
516 785 663 864 repetens
687 799 727 844 ex
749 779 830 845 libro
853 777 893 843 de
916 798 944 844 c.
970 799 1000 842 v.
1027 799 1059 862 p.
1083 783 1200 844 itliuss
1223 799 1251 844 c.
1272 781 1328 859 22,
1365 779 1407 843 in
1435 800 1532 845 mar-

360 883 437 966 gine
458 889 567 948 exstet
596 876 613 947 ὁ
639 875 742 967 ἁδρός
770 901 816 948 sc.
841 880 1024 969 χαρακτήρ.
1071 882 1162 948 Haec
1191 881 1268 964 quin
1299 901 1320 946 e
1350 883 1530 968 Dionysio

359 993 489 1071 sumpte
509 1005 572 1050 non
596 985 675 1061 sint,
709 983 848 1049 dubitari
876 984 1002 1066 nequit3
1036 1004 1111 1049 nam
1142 990 1328 1051 constanter
1352 985 1418 1050 ille
1443 987 1529 1052 sub-

360 1087 435 1154 lime
462 1087 589 1153 dicendi
622 1107 723 1170 genus
750 1087 894 1171 appellnt
923 1080 1059 1173 ὑψηλὸν
1086 1094 1298 1174 χαρακτῆρα,
1336 1108 1523 1172 nunqnam

361 1184 475 1275 ἁδρόν.
517 1189 602 1267 Quid
617 1189 702 1273 quod
724 1190 757 1254 in
774 1191 920 1256 omnibus
935 1190 1084 1273 Dionysii
1107 1190 1234 1275 scriptis
1256 1188 1435 1257 rhetoricis
1456 1212 1524 1258 vox

361 1286 464 1378 ἁδρός
487 1293 586 1370 semel
609 1301 733 1357 tuntum
756 1290 797 1358 de
819 1312 847 1357 c.
870 1313 901 1356 v.
927 1314 959 1377 p.
979 1277 1044 1357 tes'
1057 1293 1215 1358 occurrit?
1251 1291 1302 1358 De
1326 1293 1429 1359 cuius
1457 1295 1521 1359 loci

341 1395 545 1479 integritate
566 1393 652 1460 infre
670 1393 861 1461 videbimus.
902 1393 988 1473 Quid
1009 1395 1129 1478 igituri
1164 1395 1261 1460 Forte
1284 1394 1423 1460 fortuna
1445 1397 1521 1462 ssc-

361 1505 428 1563 lum
451 1505 510 1580 est,
536 1505 572 1563 ut
593 1498 625 1562 in
648 1498 807 1582 epitomae
831 1497 911 1564 libro
927 1496 1183 1564 Durmstudiensi
1205 1518 1238 1581 p.
1255 1497 1341 1562 XXI
1357 1499 1403 1562 28
1421 1499 1514 1564 Han.

361 1600 421 1664 hoc
443 1599 587 1665 scholion
610 1599 694 1665 diem
718 1601 831 1666 ferret:
860 1593 930 1664 tit
946 1598 1168 1685 Πλούταρχος
1190 1596 1319 1682 τὸμὲν,
1348 1607 1414 1688 τῆς
1430 1624 1517 1667 om·-

360 1707 493 1778 θέσεως
509 1695 629 1788 ἁδρὸν·
655 1699 757 1785 τὸδὲ,
785 1699 918 1784 ἰσχνὸν·
945 1698 1046 1784 τὸδὲ,
1069 1707 1175 1785 μέσον
1189 1703 1294 1781 καλεῖ,
1322 1703 1416 1786 quod
1432 1705 1513 1788 quin

361 1805 394 1869 in
417 1805 576 1890 epitomae
598 1803 774 1890 archetypo
797 1804 903 1886 luerit,
929 1805 1060 1872 dubium
1083 1826 1146 1871 non
1161 1813 1227 1884 est;
1253 1805 1298 1872 el'.
1317 1806 1511 1872 Hunovium
1614 1807 1615 1810 ’

360 1926 394 1992 p.
407 1907 485 1972 IIII.
524 1907 593 1972 Hoc
616 1906 759 1974 scholion
778 1907 864 1990 quod
887 1907 916 1973 ei
938 1908 1001 1993 ipsi
1020 1907 1119 1993 cupiti
1142 1908 1215 1974 libri
1238 1907 1279 1974 de
1303 1929 1333 1976 c.
1352 1928 1385 1973 v.
1405 1913 1449 1973 22
1465 1947 1511 1957 -

362 2009 435 2076 huic
451 2009 537 2076 enim
552 2010 711 2094 epitomae
733 2012 822 2076 locus
844 2011 1018 2096 respondet
1040 2047 1081 2058 --
1104 2010 1263 2078 adiectum
1286 2018 1348 2092 est,
1375 2031 1418 2076 ex
1441 2033 1509 2095 quo

361 2113 536 2196 Dionysius
558 2113 658 2179 rerba
681 2134 708 2179 c.
729 2116 769 2179 38
793 2114 834 2180 de
857 2114 949 2180 Dem.
976 2115 1121 2198 repetiit,
1154 2114 1199 2179 ud
1225 2115 1312 2198 quod
1342 2125 1445 2199 caput
1475 2125 1509 2182 et

360 2217 466 2300 ipsum
490 2210 628 2302 ὃᾶὄρός
650 2215 846 2302 adscriptum
876 2236 949 2282 esse
977 2217 1134 2300 vidimus,
1167 2217 1257 2283 eusui
1285 2218 1379 2282 nullo
1409 2219 1507 2285 modo

361 2317 457 2383 tribui
480 2325 600 2403 potest,
634 2318 730 2384 immo
752 2320 853 2384 verba
881 2319 986 2404 priore
1016 2320 1085 2386 loeo
1108 2318 1240 2385 laudata
1269 2317 1307 2386 ἐν
1329 2326 1377 2384 τῶ
1398 2313 1504 2404 (ἱδρῶ,

362 2418 398 2486 ἐν
428 2427 473 2484 τῶ
504 2420 620 2503 luxuri,
663 2418 698 2486 ἐν
727 2427 774 2484 τῶ
802 2426 894 2503 ,triow
929 2420 1040 2487 eodem
1076 2421 1187 2488 ordine
1221 2421 1369 2488 exhibitu
1404 2431 1506 2506 atque

360 2523 393 2588 in
417 2523 538 2589 scholio
568 2523 624 2589 illo
654 2522 801 2607 flagitant
831 2531 863 2590 et
885 2524 1044 2608 epitomae
1067 2523 1210 2590 scholion
1240 2531 1273 2590 et
1294 2525 1505 2591 Ambrosium

359 2625 393 2690 in
423 2626 503 2692 libro
532 2627 573 2692 de
601 2625 817 2694 Demosthene
847 2635 939 2693 notus
968 2627 1145 2693 abeodem
1171 2627 1247 2692 olim
1274 2626 1406 2693 rhetore
1429 2649 1506 2712 pro-

361 2728 446 2795 lecta
468 2749 553 2796 esse.
599 2729 750 2815 Epitome
776 2737 882 2796 nutem
911 2737 993 2810 tum,
1028 2750 1099 2796 cum
1128 2729 1236 2796 rhetor
1265 2729 1322 2796 illc
1352 2729 1502 2812 florebat,

360 2830 499 2898 nondum
523 2831 671 2898 coniectu
692 2838 771 2898 erat.
819 2833 910 2914 Vide,
936 2833 1022 2900 unde
1044 2833 1105 2899 hoc
1126 2832 1312 2918 efficiatur„
1342 2832 1394 2899 De
1418 2854 1447 2899 c.
1468 2855 1504 2899 v.

361 2955 393 3019 p.
413 2937 467 2998 29⁸
491 2934 654 3000 Plutarchi
684 2934 739 3001 ille
768 2943 906 3001 sectator
934 2935 977 3001 ed
1004 2929 1122 3022 ὑψηλά
1151 2935 1373 3021 adscripscrat
1396 2931 1503 3021 ἁδρά,

361 3055 443 3118 quae
465 3056 527 3101 vox
557 3035 674 3102 deinde
701 3037 736 3101 in
759 3037 906 3122 Dionysii
932 3039 1031 3104 verbe
1059 3039 1144 3104 mele
1173 3038 1297 3104 intmss
1325 3047 1377 3104 est
1405 3040 1505 3122 (ride,

360 3157 443 3220 qnae
469 3138 554 3204 infra
583 3139 714 3221 dicem).
761 3139 829 3204 Iam
855 3159 927 3206 cum
956 3139 1069 3208 eudem
1092 3142 1126 3206 in
1149 3141 1289 3226 epitoma
1311 3161 1345 3226 p.
1365 3142 1446 3209 VIII
1461 3147 1506 3208 23

360 3242 501 3324 legetur,
543 3242 686 3324 sequitur
718 3243 835 3308 librum
868 3243 908 3308 de
940 3264 968 3309 c.
1002 3265 1032 3310 v.
1066 3251 1139 3328 post
1170 3243 1259 3309 illius
1292 3251 1437 3312 acerem
1469 3247 1506 3311 in

360 3343 538 3409 breviorem
571 3343 704 3408 formam
735 3344 897 3410 redactum
928 3365 1011 3412 esse.
1067 3346 1277 3412 Plutarcbens
1310 3347 1414 3430 igitur
1448 3349 1508 3414 ille

360 3446 467 3512 rhetor
495 3444 637 3511 scholion
667 3446 793 3529 dequo
823 3447 930 3530 agitur
958 3449 991 3513 ln
1013 3449 1110 3535 pleno
1139 3450 1328 3533 integroque
1351 3449 1508 3536 DIouysii

360 3547 469 3614 codice
492 3547 664 3633 adscripsit
692 3549 790 3632 inque
813 3549 941 3634 eodem,
974 3571 1045 3616 cum
1068 3551 1187 3617 similiu
1207 3552 1241 3616 in
1264 3553 1346 3618 libro
1370 3554 1413 3619 de
1438 3555 1509 3620 De·

360 3650 526 3718 mosthene
549 3659 758 3730 recurrerent,
784 3653 862 3718 locis
886 3671 985 3737 supra
1007 3652 1146 3720 laudatis
1163 3653 1293 3720 easdem
1316 3655 1386 3721 fere
1410 3665 1510 3724 notas

360 3753 491 3820 adleoit.
538 3752 648 3819 Idem
678 3754 809 3838 Igitur
837 3754 917 3821 fuit
947 3755 1072 3821 codex
1102 3776 1179 3839 quo
1208 3757 1317 3824 liber
1339 3757 1390 3824 de
1413 3779 1443 3825 e.
1471 3783 1504 3826 v.

360 3863 398 3921 et
421 3854 468 3921 de
491 3855 775 3923 Demosthenis
798 3857 981 3924 dictione
1002 3857 1200 3925 iudicium
1223 3860 1510 3928 contineban-

360 3967 434 4024 tur.
482 3958 576 4024 Derto
598 3965 705 4025 eutem
721 3980 771 4044 ea,
798 3981 880 4044 quse
895 3961 1127 4028 Ambrosianus
1149 3961 1290 4045 exhibet,
1316 3963 1350 4028 in
1375 3964 1434 4030 illo
1451 3985 1511 4032 co-

361 4060 431 4126 diee
462 4060 601 4127 luerunt.
648 4062 728 4128 Inde
751 4063 910 4146 seqnitur,
943 4063 1019 4147 quia
1040 4063 1217 4130 Florentini
1242 4073 1276 4131 et
1297 4067 1509 4134 Ambrosisni

359 4162 444 4228 idem
468 4165 539 4229 lons
563 4171 629 4246 est,
662 4185 734 4231 enm
757 4166 862 4251 ipsum
885 4166 1044 4250 codicem,
1077 4187 1172 4250 quem
1193 4168 1288 4234 modo
1314 4171 1511 4238 enucleavi-

361 4285 442 4348 mus,
474 4267 638 4350 utriusque
661 4269 734 4334 libri
757 4271 966 4358 archetypum
997 4272 1110 4338 luisse.
1157 4273 1226 4336 Iam
1249 4292 1325 4338 vero
1348 4275 1506 4356 quonium
