3280 4934
204 311 206 316 ’
319 327 361 390 24
753 362 794 373 -
841 324 937 410 [120]
985 363 1023 371 -

317 517 512 607 Λύσανδρος
536 573 542 585 .
564 572 571 585 .
592 573 598 586 .
620 573 626 586 .
651 516 860 585 κατέσκαπτε
889 512 930 584 τὰ
953 521 1042 608 τείχη
1065 521 1122 585 καὶ
1150 513 1208 596 τὰς
1235 517 1377 608 τριήρεις
1400 544 1457 584 κα-

316 625 454 713 τέφλεγε
478 628 562 712 (Lys.
581 627 663 712 XV).
701 628 849 693 Atamen
872 626 1061 692 Plutarchus
1085 626 1133 692 vel
1156 626 1312 710 Ephorus,
1335 647 1373 692 ex
1395 647 1458 711 qno

317 735 370 800 ille
393 735 534 800 hausisse
552 735 687 812 ridetur,
709 756 783 799 num
806 732 885 800 haec
907 739 991 800 recte
1009 736 1194 812 narraverit,
1212 734 1304 799 valde
1328 732 1458 799 dubium

318 849 373 908 est.
410 843 471 907 Res
495 842 579 908 enim
600 863 658 924 per
680 863 714 906 se
733 843 810 906 satis
833 841 914 906 mira
931 841 1065 919 videtur,
1087 842 1173 925 quod
1190 841 1352 926 Lysander
1371 861 1459 906 suam

318 951 447 1016 classem
480 948 617 1014 hostium
644 948 776 1014 navibus
804 970 866 1015 non
894 949 1025 1014 auxerit.
1075 948 1138 1014 Sed
1169 971 1359 1034 quamquam
1386 948 1459 1012 Plu-

318 1057 421 1122 tarchi
449 1056 589 1122 narratio
612 1055 694 1122 hanc
721 1056 927 1141 suspicionem
955 1062 1072 1135 movet,
1103 1062 1209 1122 tamen
1236 1077 1253 1122 e
1285 1056 1460 1140 suspicione

319 1164 386 1230 sola
408 1185 469 1229 non
493 1163 655 1248 probatur,
678 1185 713 1229 re
735 1185 810 1230 vera
831 1185 893 1229 non
917 1164 1095 1230 combustas
1118 1185 1185 1231 esse
1210 1185 1311 1229 naves.
1358 1163 1460 1242 Quae·

319 1271 402 1336 renti
434 1272 519 1336 enim
545 1271 584 1336 de
617 1269 676 1336 hac
707 1292 742 1336 re
774 1272 950 1356 exemplum
983 1271 1137 1354 Scipionis
1167 1270 1306 1336 Africani
1333 1269 1461 1335 maioris

320 1377 397 1443 mihi
433 1378 466 1441 in
498 1382 635 1442 mentem
666 1379 765 1455 venit,
801 1379 854 1465 qui
891 1385 972 1444 teste
1003 1377 1093 1443 Livio
1125 1377 1316 1462 Carthagine
1353 1377 1462 1442 dedita

319 1484 458 1550 hostium
480 1506 574 1550 naves
597 1483 776 1552 combussit.
821 1484 887 1550 Liv.
911 1485 1008 1562 XXX,
1030 1485 1083 1564 43,
1108 1485 1149 1549 12
1175 1505 1272 1549 naues
1293 1487 1462 1565 provectos

320 1594 356 1656 in
383 1591 484 1655 altu-m
510 1591 637 1656 incendi
663 1592 757 1657 iussit
779 1592 834 1679 (sc.
858 1591 991 1678 Scipio);
1020 1592 1209 1676 quinpcntos
1236 1592 1335 1673 fuisse
1363 1591 1462 1656 nonis

321 1699 443 1781 pencris
467 1700 665 1781 quaererem
688 1703 867 1782 operentur,
895 1700 1027 1782 quidem
1050 1699 1199 1764 tradunt:
1229 1719 1367 1782 quarum
1390 1718 1461 1763 coc·

321 1809 458 1887 spectum
480 1797 604 1887 repente
630 1807 811 1871 incendium
836 1811 903 1871 tom
931 1807 1062 1890 lupubra
1087 1804 1186 1887 fuisse
1208 1805 1338 1885 Poenis,
1367 1825 1463 1888 quom

322 1913 442 1993 ειτηερ
458 1911 618 1996 Gurthopo
638 1914 771 1978 arderet.
804 1913 945 1980 Eandem
963 1933 1029 1978 rem
1049 1912 1259 1979 Hannibalem
1279 1935 1349 1978 cum
1367 1911 1464 1977 verba

324 2018 399 2085 facit
421 2020 505 2103 apud
529 2018 812 2104 Carthaginienses,
840 2025 1135 2087 commemorantem
1157 2019 1250 2105 fingit
1275 2020 1341 2085 Liu
1365 2019 1464 2094 XXX,

323 2127 376 2204 44,
400 2127 419 2191 7
447 2131 521 2192 tunc
548 2127 637 2208 flesse
660 2127 774 2208 decuit,
804 2149 873 2193 eum
892 2129 1044 2208 ,adsumta
1070 2128 1160 2193 cobis
1182 2132 1257 2192 sunt
1284 2148 1389 2205 erma,
1414 2127 1464 2190 εἰε-

324 2253 433 2298 censae
454 2253 560 2314 nuces,
589 2235 789 2300 interdictum
813 2236 949 2300 cnemis
977 2235 1072 2300 bellis.
1119 2234 1236 2313 Quodsi
1259 2233 1347 2298 Livio
1371 2231 1464 2298 fidem

324 2340 489 2418 habemus,
517 2342 592 2425 quin
616 2341 804 2408 Plutarchus
832 2363 956 2428 quoque
983 2363 1057 2407 vera
1083 2343 1265 2418 tradiderit,
1294 2342 1345 2405 vix
1373 2339 1465 2406 dubi-

325 2454 475 2525 taremus,
507 2449 568 2513 nisi
595 2449 627 2512 in
656 2449 720 2514 alia
747 2471 782 2515 re
813 2449 1005 2514 haerendum
1034 2455 1123 2515 esset.
1175 2449 1252 2514 Cum
1280 2448 1363 2514 enim
1391 2447 1466 2512 Plu-

326 2555 471 2620 tarchum
488 2555 604 2621 secutis
627 2555 717 2621 nobis
740 2556 942 2622 statuendum
961 2561 1051 2633 esset,
1069 2557 1179 2622 eodem
1202 2561 1343 2638 tempore
1360 2576 1467 2618 muros

326 2683 346 2727 a
367 2661 529 2746 Lysandro
553 2663 674 2729 dirutos
697 2685 862 2753 navesque¹
876 2663 1055 2730 combustas
1078 2685 1155 2740 esse,
1183 2664 1259 2728 satis
1284 2663 1397 2726 mirum
1420 2662 1466 2725 vi·

147 2829 151 2840 .
244 2843 247 2848 ,
327 2771 465 2844 deretur,
492 2769 577 2850 quod
605 2789 711 2834 omnes
739 2772 916 2854 scriptores,
944 2771 997 2854 qui
1028 2791 1134 2835 muros
1161 2770 1283 2835 dirutos
1312 2789 1468 2851 navesque

327 2875 462 2941 traditas
480 2897 547 2940 esse
565 2884 705 2952 narrant,
728 2899 821 2944 nares
844 2878 986 2944 incensas
1005 2877 1131 2944 silentio
1153 2881 1356 2960 praetereunt
1374 2875 1467 2958 (Xon.

327 2982 369 3059 ΙΙ,
387 2983 417 3060 2,
436 2983 464 3046 3.
501 2982 572 3066 Lys.
586 2982 674 3061 XIII,
693 2983 744 3048 34.
763 2986 820 3060 463
838 2985 955 3062 XVIII,
973 2985 1018 3070 5).
1063 2985 1125 3050 Vix
1148 2985 1231 3050 enim
1255 2983 1341 3049 credi
1363 2988 1469 3067 potest

327 3090 412 3173 ipsos
434 3088 498 3154 illis
516 3090 710 3174 temporibus
728 3093 875 3175 aequales
897 3094 930 3157 id
950 3091 1065 3158 oblitos
1084 3112 1158 3156 esse.
1197 3089 1264 3155 Iam
1283 3093 1384 3154 totam
1401 3110 1468 3154 rem

328 3195 463 3260 absolvit
486 3195 703 3280 Xenophontis
725 3200 955 3276 testimonium,
977 3220 1039 3282 quo
1063 3205 1191 3264 auctore
1213 3197 1375 3282 Lysander
1398 3217 1470 3260 cum

330 3301 566 3368 Atheniensium
594 3304 726 3369 navibus
748 3305 1015 3371 Lacedaemonem
1041 3311 1167 3371 avectus
1191 3310 1251 3370 est:
1279 3298 1471 3386 Λύσανδρος

331 3409 366 3475 δὲ
384 3423 455 3488 ταῖς
475 3413 686 3488 Λακωνικαῖς
703 3412 821 3478 ναυσὶν
842 3403 1050 3478 ἀπέπλευσεν
1070 3410 1115 3488 εἰς
1129 3411 1362 3494 Λακεδαίμονα
1382 3401 1469 3473 ἀπά-

329 3541 400 3602 γων
418 3513 459 3583 τά
482 3541 518 3582 τε
540 3524 611 3582 τῶν
631 3514 850 3604 αἰχμαλώτων
873 3525 962 3584 νεῶν
981 3511 1172 3604 ἀκρωτήρια
1195 3518 1251 3582 καὶ
1274 3508 1333 3595 τὰς
1352 3515 1389 3581 ἐκ
1407 3522 1471 3581 τοῦ

330 3625 495 3710 Πειραιῶς
517 3621 659 3712 τριήρεις
681 3619 770 3713 πλὴν
789 3621 956 3710 δώδεκαῑ)
975 3626 1029 3712 (Η.
1050 3624 1086 3690 G.
1106 3624 1147 3700 ll,
1166 3623 1195 3700 3,
1215 3624 1258 3706 8).
1294 3621 1470 3706 Xenophon

331 3733 429 3817 igitur
445 3753 540 3798 naves
559 3735 700 3818 integras
713 3733 979 3800 Lacedaemonem
993 3733 1113 3798 vexisse
1132 3736 1256 3806 narrat3
1276 3751 1337 3814 qno
1355 3730 1472 3795 certius

332 3881 542 3890 mmo—-

422 3949 440 4014 ¹)
458 3948 549 4003 Neues
573 3946 716 4002 duodecim
740 3945 956 4004 Atheniensibus
983 3943 1096 4000 relictos
1120 3959 1179 3998 esse
1204 3942 1357 4010 Xenophon
1384 3940 1472 3994 altero

332 4055 439 4108 quoque
458 4038 518 4094 loco
536 4043 644 4092 narrat:
673 4033 821 4092 ἐποιοῦντο
841 4031 963 4107 εἰρήνην,
989 4029 1034 4104 ἐφ’
1054 4025 1077 4107 ᾦ
1096 4027 1130 4087 τά
1153 4050 1184 4086 τε
1207 4026 1305 4102 μακρὰ
1329 4030 1405 4099 τείχη
1424 4031 1473 4082 καὶ

331 4124 381 4182 τὸν
404 4128 527 4200 Πειραιᾶ
550 4121 728 4190 καθελόντας
750 4127 799 4180 καὶ
826 4121 876 4188 τὰς
902 4127 969 4187 ναῦς
992 4117 1064 4192 πλὴν
1087 4115 1197 4176 δώδεκα
1224 4115 1403 4191 παραδόντας
1427 4118 1473 4185 (11,

331 4219 356 4282 2,
375 4218 434 4284 20);
459 4233 519 4272 cum
539 4216 722 4286 Xenophonte
745 4215 909 4270 Plutarchus
933 4211 1070 4283 congruit:
1099 4205 1114 4266 ὁ
1138 4205 1164 4266 δ’
1185 4199 1235 4265 οὖν
1253 4203 1418 4278 Λύσανδρος
1436 4201 1475 4272 ὡς

332 4303 477 4378 παρέλαβε
501 4301 551 4370 τὰς
574 4308 641 4369 ναῦς
663 4298 776 4368 ἁπάσας
798 4299 871 4373 nlla
895 4297 1006 4358 δώδεκα
1029 4302 1101 4372 (Lyn.
1121 4299 1216 4366 ΚΝ),
1245 4303 1357 4354 auctore
1381 4303 1474 4352 antem

332 4395 450 4454 Diodoro
474 4395 569 4454 decem
593 4411 676 4452 naves
701 4394 740 4450 eis
763 4393 879 4450 relictae
902 4397 978 4448 sunt:
1007 4387 1163 4447 συνέθεντο
1186 4383 1238 4459 τὴν
1261 4379 1375 4459 εἰρήνην
1398 4373 1474 4444 ὥστε
