3280 4934
602 476 638 485 -
686 437 760 521 [81]
807 475 849 488 -
1251 441 1291 505 nr

154 639 227 698 ante
250 653 411 699 caesuram
434 632 608 698 bucolicum
626 633 842 699 concinnando
862 640 988 700 secutus
1011 639 1067 711 881,
1091 637 1203 700 saltem
1221 637 1299 701 duce

155 739 291 806 Stobaec
324 735 424 805 ἔνδον
455 760 513 822 prc
545 739 661 804 παισίν
689 739 888 806 scribendum
921 747 1003 818 arat3
1035 742 1162 826 gravim
1193 748 1298 808 antem

156 845 265 912 vitium
313 847 347 912 18
396 851 593 932 pentametro
637 845 736 912 latare
784 849 942 932 persuasit
987 847 1221 916 Studemundus
1266 849 1297 913 in

156 950 278 1018 scholis.
298 991 340 1002 -

243 1059 281 1125 ln
305 1060 445 1127 versibus

224 1185 288 1250 619
312 1175 421 1250 Πόλλ’
444 1183 486 1250 ἐν
510 1177 706 1272 α’μηχανίησι
727 1184 926 1269 κυλίνδομαι
949 1179 1132 1272 ἀχνύμενος
1154 1193 1230 1274 κῆρ·

221 1292 286 1357 620
355 1284 478 1379 ἄκρην
501 1282 572 1377 γὰρ
595 1293 737 1377 πενίην
761 1282 822 1374 οὐχ
845 1282 1124 1378 ὑπερεδράμομεν.

154 1415 237 1482 iufra
253 1423 326 1500 post
344 1438 370 1483 v.
384 1417 470 1482 1114
489 1417 536 1482 ita
553 1415 712 1500 repetitis:
737 1406 847 1482 πολλὰ
867 1407 900 1480 d'
919 1407 1114 1504 ἄμηχανίησι
1126 1456 1165 1466 -
1177 1409 1297 1505 ἀρχὴν

154 1515 229 1609 γᾰρ
252 1524 391 1610 πενίης
414 1525 466 1588 vix
491 1524 627 1590 discerni
651 1524 783 1608 poterit,
805 1529 879 1588 utra
901 1523 995 1590 188118
1018 1523 1061 1590 811
1082 1522 1297 1608 praeferenda.

154 1630 338 1696 Hexametii
367 1629 476 1707 lectio,
503 1651 584 1714 quae
612 1630 645 1695 in
671 1632 846 1714 posteriore
874 1629 995 1716 syllcga
1021 1637 1138 1708 exstat,
1170 1637 1298 1716 propter

155 1735 192 1802 δέ
221 1736 411 1822 particulam
442 1737 580 1820 genuina
612 1737 745 1803 videtur.
756 1739 781 1822 ¹)
837 1737 1057 1804 Diasceuastes
1088 1744 1196 1805 autem
1228 1761 1297 1804 cum

154 1845 343 1928 particulam
369 1843 456 1909 illam
484 1843 664 1920 abiecisset,
691 1844 785 1909 metri
813 1843 959 1909 servandi
987 1865 1081 1910 causa
1104 1843 1141 1910 ἐν
1163 1867 1297 1931 praepo-

154 1952 300 2017 sitionem
333 1956 407 2016 anta
439 1942 635 2038 ἇμηχανίησι
667 1950 748 2016 male
776 1949 917 2016 inseruit.
963 1952 1183 2019 κυλίνδεσθαι
1210 1951 1297 2018 verbi

154 2059 241 2125 notio
274 2058 315 2124 ab
347 2057 407 2124 hcc
439 2058 508 2123 loco
536 2078 598 2122 non
631 2058 736 2122 aliena
763 2065 825 2122 cst:
861 2057 1010 2124 dicuntur
1042 2059 1126 2124 enim
1156 2057 1297 2126 hominus

154 2147 239 2250 apud
262 2165 434 2230 Homerum
461 2187 523 2229 uon
547 2185 619 2230 raro
642 2164 861 2230 κυλίνδεσθαι
888 2186 965 2248 prae
992 2165 1090 2230 nimic
1116 2165 1203 2230 18818
1227 2165 1297 2252 (cir.

155 2272 243 2338 Iliad.
267 2271 320 2349 22,
338 2272 419 2346 4143
442 2271 499 2337 Od.
517 2273 549 2349 4,
568 2271 663 2356 541),
686 2271 742 2336 sed
765 2271 887 2336 nullum
909 2271 1012 2336 locum
1036 2271 1191 2355 indagavi,
1213 2273 1296 2339 unde

155 2378 242 2445 verbi
269 2384 430 2444 structura
453 2379 530 2466 satis
559 2378 705 2445 eluceret
760 2377 1012 2445 Construendum
1039 2383 1145 2443 autam
1171 2378 1297 2446 videtur

155 2485 271 2551 rectius
300 2507 371 2551 cum
400 2485 506 2552 dativo
534 2485 767 2551 instrumentali
795 2505 890 2569 quam
913 2507 982 2550 cum
1007 2482 1043 2552 ἐν
1065 2485 1298 2570 praepositione

155 2591 755 2675 (cf1·.Kiihncn1mgriech.Gramm.Il
774 2615 804 2676 p.
821 2591 896 2668 380,
910 2592 929 2657 8
948 2590 1003 2656 nbi
1023 2591 1165 2676 exempla
1183 2591 1298 2658 similia

155 2716 303 2784 congesta
331 2699 483 2772 inveniam
515 2697 570 2762 cfr.
598 2702 764 2780 praeterea
790 2697 1123 2782 1188811113881836
1150 2693 1297 2785 πήμασιν

153 2800 343 2890 βαρύνεται,
362 2803 455 2888 soph.
475 2803 523 2868 Ai.
538 2804 580 2867 41
598 2798 689 2888 χόλῳ
707 2803 913 2889 βαρυνθείς).
951 2803 1041 2872 Hanc
1058 2806 1157 2889 igitur
1169 2806 1296 2872 distichi

155 2913 345 2976 sentcntIam
376 2931 444 2976 esse
476 2909 584 2976 credo:
622 2909 772 2986 ‚Cuiusvis
804 2911 926 2995 generis
958 2912 1049 2977 malis
1080 2893 1296 2998 [necessitate]

154 3009 365 3106 (ἅμηχανίησι
387 3017 444 3102 pl.)
472 3018 573 3082 iactor
600 3015 669 3100 (cfr.
694 3017 786 3101 Varg.
808 3018 884 3084 Aen.
908 3017 952 3083 IV
974 3019 1015 3083 14
1042 3019 1176 3086 iactatus
1199 3018 1298 3106 fatis),

153 3145 225 3190 cum
247 3147 287 3190 88
310 3129 528 3210 paupertatem
551 3122 678 3208 quidem
701 3123 909 3190 eumericus!

227 3230 1298 3318 Neccertiusquicquamratiocinandcadsequipcssumusexalterius

155 3337 298 3403 lectionis
312 3339 535 3422 discrepantia,
554 3359 625 3403 cum
639 3342 773 3422 utraque
787 3359 879 3406 veras
893 3340 1110 3423 genuinasque
1123 3340 1297 3423 scripturae

157 3444 288 3510 formam
315 3466 352 3509 ac
379 3444 515 3528 speciem
537 3445 683 3510 videatur
707 3446 853 3511 tenuisse.
898 3446 1007 3511 Priore
1032 3448 1114 3511 enim
1137 3445 1204 3512 locu
1227 3467 1297 3512 cum

155 3543 261 3636 ἄκρην
288 3557 374 3616 recte
397 3557 561 3617 exaratum
585 3552 639 3630 811,
667 3552 767 3617 altero
789 3553 906 3639 πενίης
927 3552 1044 3617 rectius
1066 3552 1218 3616 traditum
1242 3559 1297 3618 est.

155 3657 421 3724 Praestanticrem
444 3658 527 3722 enIm
550 3656 717 3724 lectionem
740 3657 882 3725 effectam
901 3679 982 3736 asse,
1004 3679 1073 3724 cum
1096 3663 1187 3744 pater
1209 3681 1297 3726 maus

151 3763 306 3830 'scriberet
329 3757 435 3850 ἄκρην
458 3754 520 3848 γὰρ
543 3766 659 3852 πενίης
683 3786 776 3850 quain
800 3757 903 3853 ἀρχὴν
926 3755 987 3850 γὰρ
1010 3766 1125 3852 πενίης
1148 3771 1181 3830 81
1199 3767 1296 3850 scrip-

154 3877 258 3937 torum
267 3873 470 3956 antiquorum
480 3871 660 3938 testimonia
670 3873 784 3939 docent
798 3880 830 3940 81
839 3873 899 3938 viri
909 3873 993 3938 docti
1004 3872 1210 3938 consentiunt.
1216 3873 1242 3960 ²)
1254 3913 1296 3924 -

155 4035 231 4042 -.--

246 4137 264 4202 ¹)
284 4137 332 4193 cfr.
353 4151 424 4206 qnae
443 4154 469 4206 p.
489 4137 523 4192 74
542 4137 575 4194 de
594 4154 675 4194 versu
695 4141 776 4195 1182·
800 4138 919 4196 diutinus
938 4145 966 4192 81
984 4157 1011 4210 p.
1030 4141 1065 4196 88
1083 4141 1145 4195 adn.
1166 4143 1190 4196 1.

244 4227 264 4294 I)
283 4227 331 4282 cfr.
351 4227 386 4282 dc
405 4226 583 4283 Lcutschium
601 4227 630 4282 in
654 4226 751 4283 Philol.
772 4228 867 4284 XXIX
885 4245 912 4298 p.
931 4229 996 4296 5163
1024 4229 1073 4285 cfr.
1094 4229 1177 4286 etiam
1200 4231 1295 4304 Eurip.

155 4313 264 4369 Archel.
284 4313 382 4384 fragm.
401 4316 454 4370 232
473 4321 500 4369 et
519 4316 619 4372 Aesch.
637 4316 717 4372 Eum.
736 4317 796 4372 562.
826 4317 1003 4374 Commendat
1022 4318 1167 4376 lectionem
1186 4315 1296 4394 ἄκρην

156 4397 210 4474 γὰρ
233 4404 353 4472 πενίην
372 4403 445 4460 sub.
467 4403 538 4459 nior.
559 4405 659 4462 XCVII
680 4407 721 4472 15,
741 4407 911 4478 eandemque
929 4407 978 4463 alii
998 4407 1064 4463 loci:
1088 4411 1136 4465 cfr.
1157 4410 1236 4467 Iliad.
1253 4414 1294 4478 12,

155 4493 202 4556 513
221 4491 246 4557 5,
264 4493 317 4548 336
335 4499 401 4559 818.;
421 4491 580 4549 Xthnerum
599 4493 702 4564 grisoli,
722 4495 842 4552 Granni.
862 4499 888 4554 II
908 4515 933 4568 p.
953 4498 1034 4554 2342.
