3280 4934
348 418 367 481 o
782 457 823 466 -
871 418 967 502 [ros]
1014 457 1053 464 -

347 636 381 679 re
404 615 545 699 quamvis
568 615 768 680 vehementer
791 611 901 678 afflicti
924 613 1133 678 Athenienses
1161 614 1318 697 alienique
1341 611 1381 676 ah
1405 611 1489 675 omni

347 743 409 805 spe,
431 741 538 786 muros
561 727 668 786 tamen
696 728 733 785 ut
760 721 844 784 dirui
872 726 1066 804 paterentur,
1088 721 1227 785 animum
1254 720 1403 785 iuducere
1426 740 1490 784 nou

347 833 530 911 potueruut3
549 828 625 910 quin
645 828 741 892 etiam
761 827 1009 904 Archestratum,
1028 829 1082 911 qui
1099 826 1357 892 Lacedaemoniis
1376 826 1490 890 ceden-

347 935 420 999 dum
440 956 507 1000 esse
525 936 793 1016 pronuntiaverat,
812 936 844 998 iu
864 934 1018 999 carce'rem
1039 935 1241 999 coniecerunt
1260 935 1293 1019 (ξ
1312 933 1374 1017 15).
1411 933 1492 997 Tum

346 1040 556 1106 Theramenes
574 1041 724 1125 populum
744 1043 850 1118 movit,
868 1047 904 1105 ut
922 1042 1023 1124 ipsum
1043 1043 1207 1106 mitterent
1225 1041 1265 1105 ad
1285 1040 1492 1125 Lysandrum,

346 1170 366 1212 a
389 1169 460 1231 quo,
484 1148 558 1232 quid
582 1149 770 1214 molirentur
792 1148 1047 1224 Lacedaemonii,
1071 1148 1244 1232 comperire
1266 1154 1380 1230 posset.
1428 1146 1491 1210 Sed

346 1276 402 1337 per
425 1259 491 1319 tres
514 1275 636 1318 menses
659 1261 692 1319 et
715 1255 798 1339 quod
817 1255 942 1320 excedit
959 1255 1044 1338 apud
1063 1253 1258 1338 Lysandrum
1282 1258 1493 1318 commoratus

347 1367 395 1426 est
417 1360 636 1438 Theramenes,
659 1361 775 1444 quippe
799 1361 849 1426 cui
872 1383 1056 1445 persuasum
1079 1367 1169 1438 esset,
1196 1361 1278 1425 farne
1302 1361 1402 1442 magis
1425 1381 1493 1423 ma-

347 1467 457 1552 gisque
490 1473 649 1532 crescente
681 1475 823 1532 extrema
849 1489 973 1552 quoque
1006 1489 1060 1551 spe
1093 1468 1204 1532 salutis
1232 1467 1361 1532 orbatos
1390 1467 1492 1534 Athe-

347 1575 472 1639 nienses
495 1575 620 1659 quasvis
639 1575 838 1640 condiciones
861 1575 948 1658 pacis
966 1580 1149 1659 accepturos
1168 1595 1234 1639 esse
1254 1575 1287 1657 (ξ
1310 1575 1372 1660 16).
1409 1573 1493 1638 Tan-

347 1683 418 1745 dem
442 1702 512 1745 cum
535 1683 726 1757 revertisset,
748 1702 768 1746 a
790 1681 953 1765 Lysandro
976 1703 1009 1746 se
1032 1682 1128 1746 variis
1149 1680 1358 1745 ‘dilationibus
1381 1681 1494 1744 deten-

347 1792 424 1864 tum,
447 1789 581 1873 deniquo
600 1789 766 1853 certiorem
783 1788 902 1853 factum
921 1810 987 1854 osse
1006 1789 1097 1864 dixit,
1116 1811 1212 1871 penes
1236 1787 1324 1852 illum
1343 1809 1405 1852 non
1424 1808 1494 1851 esse

348 1893 515 1959 arbitrium
538 1897 624 1978 pacis
643 1895 868 1972 concedendae,
891 1895 946 1960 sed
969 1887 1065 1978 penes
1085 1895 1227 1977 ephoros.
1265 1897 1334 1973 Qua
1356 1915 1391 1958 re
1409 1915 1493 1957 nun-

348 2001 430 2066 tiata
458 2001 665 2068 Athenienses
696 2001 923 2067 Theramenem
956 2023 1025 2067 cum
1058 2023 1168 2066 novem
1200 2001 1312 2084 legatis
1345 2001 1494 2085 Spartam

348 2108 502 2172 misenmt
534 2109 592 2184 ita,
625 2114 660 2172 ut
688 2108 733 2173 eis
761 2109 847 2192 pacis
876 2109 1108 2174 concludendas
1136 2114 1326 2192 potestatem
1353 2107 1495 2175 facerent

348 2217 382 2300 (ξ
395 2215 462 2300 ll).
478 2215 539 2293 Qui
552 2237 622 2280 eum
636 2215 783 2299 Spartam
797 2217 963 2292 venisseut,
978 2217 1083 2280 contio
1098 2215 1137 2281 de
1152 2221 1236 2281 sorte
1252 2215 1495 2280 Atheniensium

348 2321 461 2386 habita
483 2328 540 2400 est,
562 2323 595 2386 iu
615 2343 677 2407 qua
696 2321 862 2398 Corinthii,
880 2321 1033 2398 Thebani,
1056 2322 1147 2386 multi
1170 2321 1226 2386 alii
1245 2319 1358 2386 Graeci
1381 2321 1493 2386 urbem

348 2428 514 2493 delendam
547 2451 614 2493 esse
647 2436 680 2493 et
711 2429 829 2493 incolas
862 2429 920 2493 suh
948 2449 1063 2494 corona
1090 2429 1270 2493 vendendos
1305 2437 1495 2493 censuerunt

349 2538 384 2621 (ξ
410 2536 476 2621 19),
507 2535 763 2600 Lacedaemoniis
795 2542 901 2601 autem
933 2535 1153 2602 resistentibus
1185 2536 1387 2618 gravissimae
1420 2535 1495 2599 illae

349 2643 547 2708 condiciones
566 2649 704 2708 statutae
723 2649 805 2718 suut,
828 2643 867 2708 de
886 2643 999 2726 quibus
1018 2665 1080 2707 non
1100 2651 1149 2708 est
1171 2643 1253 2725 quod
1280 2641 1372 2726 plura
1389 2642 1495 2706 dicam

349 2749 384 2832 (ξ
408 2749 474 2834 20).
520 2750 606 2826 Quae
630 2749 829 2814 condiciones
853 2771 923 2814 cum
950 2749 1104 2832 postridie
1128 2771 1221 2834 quam
1244 2749 1385 2815 Athenas
1409 2749 1495 2813 redi-

349 2862 441 2921 erant
463 2855 559 2938 legati
582 2856 807 2939 acciperentur,
834 2857 983 2940 quoniam
1000 2863 1130 2940 propter
1153 2862 1325 2921 extremam
1354 2855 1496 2938 inopiam

349 2962 437 3027 nulla
463 2984 551 3027 mora
578 2961 646 3027 fieri
673 2965 845 3046 poterat1),
872 2962 1034 3046 Lysander
1061 2965 1093 3026 iu
1122 2962 1267 3028 Piraeum
1295 2945 1363 3027 erim
1394 2963 1495 3028 classe

349 3071 489 3134 invectus
516 3076 565 3134 est
593 3076 626 3134 et
653 3069 759 3134 exules
785 3069 912 3134 reduxit
939 3075 971 3134 et
997 3091 1103 3135 muros
1131 3091 1251 3135 summo
1279 3091 1349 3134 cum
1376 3069 1495 3151 gaudio

350 3177 505 3242 sociorum
532 3176 618 3240 inter
644 3184 770 3242 cantum
797 3175 948 3241 tibiarum
976 3176 1074 3241 diruit
1102 3181 1136 3258 (ξ
1164 3177 1322 3258 21-231
1362 3175 1495 3240 Postero

351 3304 433 3347 anuo
457 3283 593 3366 populus
616 3283 750 3366 triginta
767 3285 850 3348 viros
869 3283 1017 3359 instituit,
1040 3305 1101 3365 quo
1121 3281 1205 3348 facto
1225 3282 1301 3364 Agis
1322 3282 1496 3346 exercitum

353 3390 500 3466 dimittit,
532 3389 694 3473 Lysander
720 3391 763 3454 ad
790 3389 917 3455 Samum
949 3391 1191 3473 oppuguandam
1223 3389 1369 3454 auehitur
1400 3392 1439 3472 (c.
1465 3390 1495 3463 3,

354 3497 461 3580 1-3).

293 3663 300 3690 ,
438 3604 505 3668 lam
525 3623 739 3687 comparemus
757 3602 836 3668 haec
854 3624 924 3668 cum
943 3603 998 3680 eis,
1016 3623 1096 3685 quae
1116 3603 1262 3686 aLysia
1280 3602 1400 3666 tradita
1419 3609 1496 3666 sunt

351 3712 383 3775 in
407 3711 549 3776 oratioue
573 3717 683 3776 eontra
706 3709 879 3794 Aguratum
902 3709 1014 3774 hahita
1037 3709 1138 3795 (Xlll,
1162 3709 1295 3792 5-43).

439 3817 549 3881 Paullo
569 3818 674 3900 igitur,
692 3818 719 3881 si
742 3815 832 3881 illum
849 3818 1017 3900 sequimur,
1039 3825 1110 3899 post
1128 3838 1266 3900 pugnam
1286 3815 1368 3899 apud
1390 3815 1495 3897 Aegos

350 3923 465 3988 flumen
494 3921 610 3988 factam
637 3944 732 3988 naves
759 3923 1078 3988 Lacedaemoniorum
1107 3929 1217 3988 contra
1248 3922 1359 3986 urbem
1385 3927 1495 3986 vectae

351 4035 425 4096 suut
448 4031 620 4115 eodemque
648 4031 714 4096 fere
737 4037 879 4114 tempore
903 4051 973 4095 cum
996 4029 1252 4095 Lacedaemoniis
1280 4029 1319 4094 de
1342 4049 1419 4111 pace
1443 4029 1495 4112 agi

351 4144 493 4220 coeptum
522 4144 577 4201 est.
628 4138 805 4222 Optimates
832 4141 939 4201 autem
966 4137 1045 4201 illud
1077 4141 1200 4220 tempus
1227 4136 1374 4201 idoneum
1402 4143 1495 4219 puta·

443 4389 461 4451 ¹)
481 4381 513 4442 οὐ
535 4382 591 4459 γὰρ
615 4381 655 4441 ἔτι
676 4380 809 4457 ἐνεχώρει
828 4379 943 4452 μέλλειν
966 4380 1011 4440 διὰ
1034 4379 1066 4438 τὸ
1086 4387 1196 4453 πλῆθος
1218 4389 1275 4440 τῶν
1293 4379 1497 4450 ἀπολλυμένων

350 4479 390 4550 τῷ
409 4479 489 4550 λιμῷ.
