3258 4928
347 410 409 472 ιιι
781 442 825 454 -
873 407 956 490 μοι]
1002 441 1046 452 -

347 615 492 662 sermons
520 615 584 662 non
613 595 754 662 alienum
786 615 859 662 esss
886 594 959 662 libri
987 594 1028 661 de
1050 613 1078 660 υ.
1104 615 1135 660 v.
1160 601 1226 660 tres
1253 593 1319 660 loni
1347 593 1479 677 probant

346 721 378 784 p.
398 704 466 766 6611
491 703 630 786 τραχέσι
649 699 723 765 λεῖα
737 703 914 784 μίσγοντα.
964 701 1053 764 112ιο
1075 701 1208 782 μίσγειν
1223 707 1294 773 τοῖς
1315 700 1480 782 κρείττοσι

347 799 426 880 τοὺς
447 807 614 889 χείρονας.
661 806 715 868 99ι
740 799 896 889 πάταγον
917 795 1052 868 ὑδάτων
1080 795 1362 894 ἀναμισγομένων
1391 799 1480 884 ἐκμι-

346 903 536 992 μάσασθαι.

432 1049 463 1114 p.
481 1031 587 1094 8247ss
602 1047 672 1112 cap.
693 1030 711 1092 8
729 1033 967 1112 Μαρτυρείται
982 1026 1018 1091 δὲ
1034 1033 1080 1111 τῷ
1095 1021 1193 1110 ἀνδρί
1209 1029 1264 1108 (ευ.
1281 1025 1476 1111 Θουκυδίδῃ]

352 1181 357 1196 .
381 1181 415 1195 ..
443 1125 496 1196 ὅτι
518 1131 575 1196 καί
603 1137 661 1217 της
684 1124 860 1217 ἀληθείας,
877 1121 925 1216 ,ἧς
949 1129 1075 1216 ἱέρειαν
1084 1133 1105 1214 ¹)
1133 1123 1221 1195 είναι
1249 1126 1311 1218 τὴν
1333 1128 1482 1214 ἱστορίαν

285 1295 290 1302 .
346 1231 556 1316 βουλόμεθα,
583 1233 746 1320 πλείστην
769 1229 953 1320 ἐποιήσατο
983 1230 1151 1319 πρόνοιαν
1180 1226 1256 1298 οἰλτε
1283 1233 1481 1317 προστιθείς

346 1349 417 1414 τοῖς
432 1334 630 1422 πράγμασιν
646 1331 745 1404 οὐδὲν
760 1334 777 1402 ὃ
793 1334 838 1424 μὴ
854 1337 987 1403 δίκαιον
1009 1331 1107 1402 οὐδὲ
1128 1331 1284 1423 ἀφαιρῶν
1299 1331 1377 1402 οὐδὲ
1393 1333 1481 1416 ίνεξ-

347 1438 515 1519 ουσιάζιον
536 1446 575 1526 τῇ
598 1447 724 1527 γραφῇ.
779 1441 931 1524 corrigas
960 1435 1037 1506 οὔτε
1068 1441 1270 1526 προστιθείς
1296 1491 1302 1504 .
1325 1491 1332 1504 .
1354 1491 1360 1504 .
1386 1434 1480 1506 οὔτε

243 1557 247 1570 “
347 1538 504 1629 ἀφαιρῶν
526 1545 609 1624 κτλ,
642 1545 683 1610 σί.
708 1566 741 1630 p.
761 1547 817 1610 232
841 1539 917 1610 οὔτε
940 1546 1109 1630 προσθείς
1138 1539 1238 1611 οὐδὲν
1264 1538 1380 1620 αὐτοῖς
1409 1537 1479 1609 οὔτ’

346 1641 493 1732 ἀφελών.
549 1649 637 1712 819ιι
669 1645 752 1734 μήτε
785 1651 1032 1733 προστιθέντες
1065 1641 1184 1724 αὐτοῖς
1212 1672 1244 1712 τι
1273 1641 1352 1734 μήτ’
1378 1641 1481 1734 ἀφαι-

346 1757 495 1835 ροῦντες.
543 1753 635 1816 846ιι
657 1749 739 1839 μήτε
770 1749 964 1837 πρόσθεσιν
990 1748 1155 1834 δεχόμενα
1184 1743 1264 1839 μήτ’
1286 1745 1478 1838 ἀφαίρεσιν.

351 1856 445 1918 10245
469 1847 576 1919 οὐθὲν
598 1849 674 1920 οὔτε
697 1861 736 1940 τῇ
752 1851 833 1940 δόξη
856 1848 999 1941 τάνδρὸς
1015 1855 1217 1939 προστιθείς
1233 1848 1310 1920 οὔτε
1328 1861 1386 1941 τῆς
1402 1849 1482 1942 ἀλη-

347 1960 448 2033 θείας
468 1951 731 2044 ἀφαιροόμενος.
780 1958 897 2025 Ρτιυοὶε
919 1957 1036 2026 deinde
1059 1958 1243 2040 interiectis,
1269 1958 1386 2043 quibus
1409 1977 1483 2025 sen-

346 2060 448 2126 tentia
475 2062 509 2127 in
532 2061 647 2146 eapitis
669 2061 760 2128 initio
788 2061 893 2147 posita
921 2062 954 2126 in
976 2061 1160 2128 universnm
1183 2063 1344 2148 probatur,
1379 2069 1411 2128 et
1432 2062 1483 2127 in-

347 2172 431 2230 stnm
452 2165 652 2250 Thucydidis
678 2164 902 2249 integrumque
929 2164 970 2232 de
992 2165 1200 2231 nobilissimis
1222 2165 1301 2232 viris
1330 2163 1482 2232 indicium

347 2267 505 2350 laudatur,
532 2269 591 2334 sub
607 2268 722 2353 ospitis
744 2268 840 2335 finem
863 2269 944 2335 ham
965 2268 1130 2352 leguntur:
1163 2268 1422 2353 παραδείγματα
1446 2269 1482 2333 δὲ

346 2372 425 2455 περί
448 2365 558 2438 αὐτῶν
581 2377 699 2459 φέρειν
729 2365 769 2438 οδ
791 2371 911 2455 δέσμαι
940 2383 1011 2449 τοῖς
1034 2369 1274 2460 διεληλυθόσιν
1296 2367 1401 2438 αὐτοῦ
1423 2369 1482 2448 τὰς

347 2473 507 2560 ίστορίας.
553 2482 660 2541 ταῦτα
689 2475 753 2557 μὲν
781 2463 842 2540 οὖν
872 2470 915 2540 ἀν
937 2473 1009 2558 ίχοι
1039 2498 1089 2552 τις
1119 2475 1239 2556 εἰπεῖν,
1274 2473 1398 2560 ἀπερί
1424 2473 1483 2541 τόν
1603 2487 1604 2490 ’

347 2574 582 2662 πραγματικὸν
610 2575 720 2644 τόπον
742 2571 759 2642 ό
785 2575 999 2665 συγγραφεὺς
1020 2585 1197 2662 κατορθοῖ,
1232 2575 1319 2643 καλὰ
1347 2580 1405 2643 καί
1427 2603 1483 2660 μι-

346 2678 479 2768 μήσεως
494 2676 584 2760 ἀξια.
626 2679 806 2766 κράτιστον
828 2681 865 2746 δὲ
881 2678 1021 2748 πάντων
1043 2680 1080 2746 τὸ
1096 2681 1202 2769 μηδὲν
1221 2679 1381 2758 ίκσυσίιιις
1400 2679 1484 2766 ψεύ-

346 2783 470 2848 δεσθαι
502 2783 586 2870 μηδὲ
618 2789 767 2867 μιαίνειν
797 2782 858 2872 τὴν
879 2778 1014 2868 minnist)
1043 2784 1245 2872 συνείδησιν.
1292 2791 1359 2852 nn
1384 2779 1481 2852 ‘216'
1603 2803 1604 2808 ’

345 2885 583 2973 ἐλλιπέστερον
598 2885 831 2968 κατεσκεύασε,
854 2888 912 2952 καί
928 2881 984 2976 ἐφ’
996 2885 1047 2965 οίς
1063 2885 1262 2972 ἐγκαλοῦσιν
1274 2882 1365 2974 αάτηῖι
1380 2912 1479 2969 τινες,

345 2993 424 3077 περί
446 2989 484 3057 τὸ
507 2989 744 3080 τεχνικώτερον
765 2998 868 3079 μέρος
888 2991 959 3060 ίστί
981 2999 1043 3060 τοῦ
1065 2999 1302 3079 πραγματικοῦ
1325 2991 1480 3072 τόπουί).

345 3095 451 3161 Verba
473 3093 652 3180 κράτιστον
667 3095 704 3161 δὲ
720 3092 918 3162 πάντων-
934 3096 1125 3184 συνείδησιν
1138 3096 1288 3181 Dionysii
1309 3115 1374 3162 non
1394 3103 1480 3163 sunt.

346 3198 486 3266 Piimnm
502 3200 587 3266 enim
602 3199 645 3267 nd
660 3202 852 3268 sententiam
874 3202 909 3268 in
924 3201 1040 3287 sapitis
1062 3201 1153 3267 initio
1174 3201 1331 3294 prolatam
1354 3219 1483 3286 prorsus

345 3303 453 3388 inepte
468 3311 680 3385 revertuntur,
699 3305 830 3371 minime
844 3305 902 3371 ilis
915 3305 1044 3388 quidem
1059 3304 1221 3371 cumulum
1236 3303 1400 3386 addentia,
1426 3303 1485 3370 sed

344 3427 384 3473 ne
408 3405 566 3474 Graecum
588 3407 717 3491 quidem
740 3427 859 3475 morem
883 3408 1054 3475 reserenda
1081 3407 1195 3508 (μηδὲν
1218 3406 1378 3485 ἑκουσίως
1400 3404 1485 3491 φεύ-

344 3509 478 3587 δεσθαι,
505 3515 654 3592 μιαίνειν
675 3508 736 3598 τὴν
759 3505 863 3578 αὑτοῦ
886 3509 1103 3598 συνείδησιν).
1149 3509 1276 3577 Deinde
1305 3517 1373 3576 tota
1402 3511 1484 3576 haee

345 3612 497 3693 laudatio,
517 3614 871 3700 quaThnnydidisvnri
884 3614 1025 3683 studium
1041 3613 1253 3700 praedicatur,
1273 3621 1369 3698 atque
1381 3613 1485 3680 omnis

344 3737 484 3803 capsis,
511 3739 576 3802 qua
590 3718 725 3785 virtutes
741 3723 802 3785 τοῦ
817 3724 1055 3804 πραγματικοῦ
1071 3715 1181 3784 τόπου
1200 3723 1387 3800 tractantur,
1414 3737 1485 3784 ner-

344 3821 467 3888 tissime
488 3821 642 3888 finiuntur
664 3821 771 3888 verbis
795 3821 1002 3904 ταῦταμὲν
1025 3809 1098 3888 οὖν
1121 3815 1162 3887 ἀν
1185 3819 1256 3903 ἔχοι
1285 3843 1336 3897 τις
1358 3819 1480 3898 εἰπεῖν,

345 3923 366 3989 ἀ
389 3927 470 4011 περὶ
492 3923 552 3990 τὸν
574 3921 813 4012 πραγματικόν
841 3921 951 3991 τόπον
977 3917 996 3990 ὃ
1020 3921 1234 4011 συγγραφεὺς
1256 3927 1479 4008 κατορθοῖ,

345 4025 431 4094 καλὰ
446 4029 504 4094 καὶ
518 4026 690 4118 μιμήσεως
707 4025 796 4109 ἀξια.
830 4027 921 4107 Quae
937 4029 1043 4096 verbis
1066 4025 1106 4094 Ἄ
1121 4023 1154 4093 δ’
1170 4026 1483 4113 ἐλλιπέστερον

417 4255 433 4312 ¹)
457 4251 562 4325 ἱέρειαν
579 4268 633 4324 mg.
654 4253 716 4308 cod.
736 4252 836 4308 Bodl.:
863 4249 943 4325 ίεράν
960 4251 1020 4307 MR
1049 4255 1060 4319 ΙΙ
1095 4253 1114 4320 ²)
1139 4247 1226 4306 αὑτοῦ
1243 4251 1365 4322 Ennega
1394 4249 1482 4304 αὐτοῦ

346 4337 408 4392 MR
431 4341 443 4404 11
471 4339 491 4403 ³)
512 4335 599 4392 τόκου
617 4338 682 4394 add.
702 4339 873 4408 Krusgsrns.
