3304 4928
346 436 388 500 oa
774 474 818 483 -
865 437 961 519 [aro]
1009 476 1048 483 -

346 631 461 696 Dorico
489 632 522 696 in
547 655 568 696 α
591 639 725 696 exeunte
750 632 810 698 nisi
838 633 871 694 in
896 632 1028 698 canticis
1051 651 1113 696 non
1137 637 1283 708 utuntur,
1310 633 1406 696 ctiam
1433 631 1494 696 1100

345 737 413 802 1000
432 729 580 818 Ἱππίου,
609 738 693 822 quod
721 738 754 800 in
777 737 818 802 11Θ
842 743 972 822 propter
995 737 1269 804 homoeoteleuton
1297 738 1330 802 in
1355 735 1494 814 ἱππίους

344 843 434 920 abiit,
457 844 657 910 retinendum
682 851 737 908 cst.

869 955 889 1032 s
915 952 964 1017 10.

434 1075 502 1140 Iam
524 1074 557 1139 in
580 1075 779 1158 proferendis
803 1076 940 1159 propriis
963 1074 1080 1141 Suidae
1103 1076 1269 1158 scripturis
1292 1073 1422 1140 difficile
1446 1083 1494 1140 est

344 1181 521 1245 diiudicata
549 1201 628 1263 quas
655 1181 851 1264 corruptelas
878 1181 1082 1246 librariorum
1111 1183 1253 1247 codicum
1283 1181 1493 1247 Suidanorum

346 1287 500 1364 incuriae,
529 1309 606 1372 quas
630 1287 747 1352 Suidao
775 1289 874 1372 ipsius
903 1289 1088 1366 temeritati,
1116 1309 1195 1372 quas
1218 1289 1354 1370 deniqne
1378 1289 1494 1353 codicis

344 1395 430 1460 illius
466 1397 621 1479 prauitati
658 1395 913 1472 adnumeremus
950 1417 1043 1480 quem
1076 1396 1108 1460 in
1141 1396 1345 1479 excerpendis
1377 1395 1493 1460 fabulis

242 1559 245 1566 ,
345 1502 587 1586 Aristophaneis
613 1502 854 1586 lexicographus
881 1504 913 1566 in
943 1525 1034 1567 usum
1061 1502 1197 1568 uocauit.
1249 1502 1380 1567 Codices
1409 1503 1493 1567 enim

345 1607 477 1674 Suidani
495 1609 704 1674 multifariam
724 1611 805 1674 inter
824 1631 857 1674 se
877 1609 1036 1687 differunt,
1055 1614 1091 1674 ut
1109 1611 1203 1675 modo
1222 1629 1303 1674 unus
1317 1609 1440 1674 alterne
1453 1631 1493 1674 ex

344 1716 384 1779 iis
402 1716 573 1798 genuinam
591 1715 814 1799 Aristophanis
832 1718 1023 1800 scripturam
1040 1717 1208 1781 retinuerit
1218 1718 1254 1800 ¹),
1272 1716 1365 1780 modo
1385 1737 1492 1780 omnes

290 1802 295 1816 ’
345 1823 436 1888 uario
463 1824 557 1888 modo
585 1826 787 1907 peccauerint
796 1825 836 1911 8);
864 1829 959 1907 atque
986 1825 1067 1888 adeo
1094 1825 1126 1888 in
1154 1822 1326 1906 archetypo
1349 1805 1491 1888 codicum

345 1935 524 1994 nostrorum
549 1929 761 1994 Suidanorum
785 1952 852 1996 esse
877 1938 1017 1996 erratum
1041 1931 1183 1996 uidemus
1207 1931 1239 1996 in

580 2058 626 2100 vv.
675 2037 715 2102 13
740 2030 854 2114 αὐτοῖς
877 2060 934 2120 pro
959 2030 1084 2115 αὐταῖς,

650 2143 711 2207 138
737 2141 819 2221 ἒτῶς
842 2167 899 2228 pro
924 2136 1008 2224 ἐτὸς,

647 2249 711 2313 353
735 2246 859 2334 θύρασι
883 2274 940 2334 pro
963 2247 1120 2335 θύρασιν,

646 2355 712 2419 415
736 2350 906 2441 κᾰρεθίζει
930 2379 988 2440 pro
1012 2350 1183 2442 κάρεθίζῃ,

647 2460 713 2525 544
738 2457 788 2539 οἷς
811 2486 869 2546 pro
893 2458 953 2542 aig,

648 2569 714 2632 660
738 2571 830 2633 δοκῶ
854 2593 911 2652 pro
937 2572 1039 2648 δοκεῖ,

647 2667 937 2763 6821111001,

649 2780 710 2844 131
737 2773 886 2868 ἅμόργην
909 2804 967 2865 pro
991 2776 1141 2867 ἅμόργιν,

648 2887 709 2950 791
737 2883 801 2970 εἶχε
824 2909 882 2971 pro
907 2884 1003 2971 εἶχεν,

647 2993 712 3056 974
736 2990 834 3078 τύφῳ
859 3017 914 3078 pru
938 3004 1047 3079 τυφῷ,

627 3100 711 3164 1031
736 3102 793 3165 καὶ
817 3099 891 3166 ἐστὲ
914 3123 972 3185 pro
996 3095 1042 3179 ὡς
1066 3101 1148 3166 ἐστὲ.

345 3201 541 3288 Quamquam
558 3227 622 3270 non
637 3207 817 3288 negauerim
833 3209 912 3273 haec
926 3217 958 3272 et
973 3211 1089 3274 similia
1104 3208 1231 3274 leuioris
1246 3210 1395 3273 momenti
1411 3210 1492 3274 uitia

345 3311 455 3374 eodem
484 3311 552 3374 iure
579 3312 681 3376 codici
708 3313 757 3376 illi
779 3313 826 3378 XI
852 3315 1030 3380 fabularum
1056 3316 1371 3399 Aristophanearum‚
1399 3337 1491 3398 quem

345 3414 460 3480 Suidas
488 3417 519 3480 in
548 3418 771 3501 componendis
799 3421 923 3486 schedis
951 3423 1015 3486 snis
1042 3422 1237 3498 adhibuerit,
1269 3444 1361 3506 posse
1389 3424 1491 3506 impu-

345 3522 421 3599 tari;
449 3529 483 3588 at
510 3525 658 3605 quoniam
687 3528 782 3590 etiam
806 3529 839 3590 in
863 3528 1024 3594 codicibus
1048 3529 1178 3594 Graecis
1202 3529 1490 3593 111Η111111ῑ111Η

344 3628 554 3706 sacculorum,
577 3631 617 3694 ad
642 3651 723 3712 quae
745 3631 862 3697 Suidae
886 3633 961 3698 libri
984 3636 1189 3718 manuscripti
1213 3637 1386 3718 pertinent,
1409 3636 1491 3699 eius-

344 3735 429 3798 modi
457 3739 668 3820 corruptelae,
701 3739 809 3820 quales
843 3741 935 3806 modo
964 3744 1072 3819 attuli,
1104 3743 1286 3826 saepissime
1315 3749 1491 3818 occurrunt,

344 3843 448 3907 nescio
476 3865 517 3908 an
545 3843 625 3908 haec
651 3846 732 3908 uitia
760 3846 899 3912 librariis
927 3849 1017 3914 lexiei
1043 3849 1173 3913 Suidani
1203 3848 1337 3913 attribui
1359 3849 1490 3931 possint.

417 4039 435 4094 ¹)
455 4038 532 4092 uelut
547 4039 635 4092 11459
650 4033 771 4110 ἀρήξετε
788 4047 863 4094 recte
876 4045 908 4106 A,
927 4037 1048 4110 α’ρήχετε
1060 4043 1155 4098 CVBE
1170 4045 1178 4112 11
1194 4060 1216 4096 v.
1233 4045 1285 4099 553
1301 4040 1399 4112 ἐντὲξῃ
1414 4050 1490 4097 recte

343 4128 376 4190 Α,
405 4120 522 4193 ἐντεύξῃ
551 4127 645 4182 OVBE
664 4128 672 4197 11
694 4146 717 4182 v.
747 4131 815 4184 1092
846 4128 1007 4199 Κλεισθένη
1037 4139 1112 4186 recte
1133 4135 1170 4197 A,
1201 4130 1381 4202 Κλεισθένην
1409 4133 1490 4196 VEB,

344 4211 514 4268 Κλεισθένει
535 4213 563 4268 C.

414 4302 435 4368 ⁹)
455 4303 532 4357 uelut
551 4321 574 4356 v.
594 4305 643 4358 361
670 4297 705 4358 dv
729 4300 782 4360 οὐκ
806 4299 883 4377 εἶχον
902 4309 988 4374 ΑΒΕ,
1013 4304 1068 4379 γὰρ
1089 4304 1143 4362 οὐκ
1167 4303 1244 4379 εἶχον
1263 4310 1322 4375 VO,
1346 4308 1417 4364 falso
1440 4325 1490 4378 pro

342 4381 378 4444 ἂν
397 4386 450 4444 οὐκ
472 4383 508 4444 div
528 4385 631 4460 01χον1
651 4411 674 4448 v.
694 4390 922 4464 0401100111φων
942 4398 1051 4463 1101111,
1076 4393 1253 4468 α’καλήφρων
1271 4399 1293 4452 Β
1313 4415 1363 4468 pro
1383 4394 1487 4466 ἀκαλη-

342 4483 406 4546 φῶν
420 4481 428 4546 11
444 4497 465 4532 v.
487 4483 555 4534 1091
576 4477 708 4549 διαλλάξῃ
729 4485 783 4548 ΑΟ,
803 4479 947 4550 διαλλάξαι
967 4485 1041 4542 VBE
1059 4503 1110 4556 pro
1129 4483 1278 4552 διαλλάξει.
