3262 4926
791 379 1007 439 ..14-

334 561 544 628 existimaret.
571 562 623 627 hie
646 570 752 628 tamen
776 583 847 628 cum
869 570 993 630 ceteros
1016 583 1146 645 versus,
1173 563 1287 646 quibus
1317 563 1359 630 de
1381 565 1476 629 caclo

331 669 492 749 ageretur,
517 686 580 731 non
603 673 668 730 tam
690 667 786 732 facile
809 666 852 732 ad
875 666 1014 732 animum
1038 666 1207 732 transferri
1228 685 1325 751 posse
1340 665 1474 732 intelle-

330 775 431 852 geret,
457 777 612 853 accepto
635 769 868 836 transcribendi
890 771 1000 836 labore
1021 791 1095 850 10011
1118 770 1267 836 destitit«.

677 873 732 954 IV,
762 875 833 936 102.
861 875 880 936 3
908 877 961 959 (=
983 878 1035 939 65.
1062 878 1091 951 0)

675 974 714 1058 V,
744 977 836 1040 1388.
863 979 883 1040 9
913 978 964 1059 (=
990 980 1083 1041 1454.
1109 977 1140 1060 5)

329 1077 396 1143 Hos
418 1097 544 1162 qnoque
565 1077 630 1144 iam
652 1078 879 1144 Lachmannus
902 1100 942 1144 ex
966 1086 1055 1145 textu
1079 1079 1224 1145 removit.

415 1182 487 1246 Duo
508 1189 630 1248 restant
651 1181 724 1264 loci,
750 1182 806 1265 qui
824 1181 867 1247 ad
887 1203 1017 1267 operam
1033 1182 1162 1249 lectoris
1185 1181 1366 1267 philosophi
1391 1183 1472 1248 illu-

329 1285 492 1352 strandam
515 1285 631 1350 summi
647 1287 796 1352 momenti
813 1287 888 1366 sint,
915 1308 987 1353 cum
1010 1286 1086 1352 inde
1108 1286 1286 1353 clarissime
1308 1295 1472 1371 appareat

330 1409 402 1454 cum
430 1389 665 1474 interpolandis
698 1389 844 1455 versibus
873 1410 938 1455 nou
965 1389 1139 1458 studuisse.
1192 1391 1229 1456 In
1263 1389 1344 1456 libro
1366 1391 1472 1456 altaro

330 1493 467 1576 legimus
491 1499 565 1576 post
587 1512 714 1559 versum
739 1495 821 1557 1018

526 1596 570 1659 aio
593 1595 725 1680 11111110
747 1597 839 1662 reba-s
860 1597 935 1662 item
957 1597 1020 1662 ium
1043 1597 1193 1663 materiai

418 1701 499 1762 1020
523 1700 691 1764 iratcroalla
714 1699 781 1764 cios
803 1723 936 1766 conexas
952 1703 1099 1786 pondera
1117 1701 1232 1786 plapas
1243 1704 1264 1785 ¹)

528 1825 696 1868 concursus
718 1811 819 1868 motus
842 1806 918 1868 ordo
936 1805 1084 1888 posituro
1100 1806 1233 1890 ſsparoe

526 1929 596 1970 cam
614 1915 848 1991 permutantur,
874 1909 995 1974 mutari
1013 1931 1064 1974 rea
1087 1931 1207 1996 quoquc
1230 1909 1352 1974 debent.

784 2013 865 2075 1020
889 2041 931 2066 --
956 2015 1029 2075 726.

413 2113 534 2178 Versus
563 2113 661 2196 igitur
687 2116 769 2178 1010
798 2115 832 2178 10
860 2113 945 2180 huno
976 2116 1080 2181 locum
1108 2115 1318 2200 transcriptus
1349 2122 1399 2182 est
1429 2137 1474 2182 ea

307 2214 514 2294 mutatione,
543 2236 607 2299 qua
635 2237 715 2300 opus
746 2223 832 2298 erat,
865 2217 892 2282 si
924 2218 1181 2302 interpolaretur,
1215 2239 1278 2283 non
1306 2217 1469 2300 adhibita,

326 2338 527 2403 quaequam
550 2320 655 2385 1001111
678 2319 784 2401 fuerit,
809 2321 924 2386 elucet.

413 2441 546 2506 Accedit
568 2441 622 2506 ille
645 2443 750 2522 locus,
781 2461 873 2526 quem
897 2441 1067 2526 Briegerua
1094 2441 1200 2509 adbuc
1222 2444 1309 2508 solus
1332 2442 1375 2508 ad
1399 2444 1470 2508 lec-

326 2543 403 2609 toris
425 2543 606 2628 philosophi
630 2565 760 2630 operam
783 2545 906 2610 rettulit
926 2545 1093 2629 (Philolog.
1112 2547 1229 2628 XXIV,
1246 2547 1338 2627 41911

784 2649 827 2729 11,
855 2651 1000 2713 010-11

543 2752 692 2816 Versibus
716 2753 875 2816 ostendum
898 2753 1084 2836 corpusculo
1106 2753 1254 2818 materiai
1289 2791 1297 2806 ·

535 2877 574 2918 ea·
596 2854 717 2939 irfinito
739 2877 891 2920 summam
913 2877 1018 2920 rerum
1041 2878 1137 2942 usquc
1160 2863 1275 2935 tenere,

534 2959 669 3042 undique
685 2958 812 3040 protelo
830 2959 1001 3043 ploqorum
1024 2958 1214 3023 continuato.

326 3079 405 3141 quos
427 3079 467 3125 ex
490 3059 570 3135 libro
594 3061 695 3144 primo
717 3059 848 3127 iteratos
871 3079 944 3127 esse
966 3068 1055 3145 puto,
1082 3061 1166 3127 unde
1182 3062 1291 3128 nescio
1307 3083 1369 3148 quo
1385 3083 1470 3129 casu

326 3161 453 3246 depulsi
466 3171 551 3228 sunt.
577 3163 669 3240 Quod
681 3164 766 3229 infra
782 3167 846 3248 (pg.
858 3167 966 3248 2410.)
983 3166 1135 3248 probabo.
1160 3167 1254 3232 Nunc
1266 3166 1327 3232 hoc
1339 3173 1469 3232 tanturn

326 3286 454 3332 moneo:
482 3267 509 3332 si
532 3268 745 3352 interpotandi
769 3266 875 3333 studio
898 3269 953 3332 ille
969 3267 1130 3335 adductus
1146 3277 1243 3346 esset,
1269 3276 1470 3336 01001101-

326 3389 380 3434 sus
397 3369 458 3434 huc
473 3371 708 3452 transcriberet,
736 3370 824 3436 facili
848 3370 976 3453 negotio
998 3392 1070 3436 eam
1089 3372 1297 3438 mutationem
1319 3373 1465 3454 fecisset,

325 3493 421 3553 quam
451 3474 614 3539 Muuroius
648 3495 720 3539 cum
751 3494 806 3540 001
835 3474 869 3538 10
899 3474 959 3539 hoc
988 3483 1138 3540 contextu
1173 3476 1310 3541 retinere
1343 3477 1469 3543 frustra

325 3582 493 3642 conaretur
516 3577 698 3661 proposuit,
729 3583 765 3641 ut
794 3579 977 3640 0110101001
1005 3598 1062 3662 pro
1092 3579 1265 3642 ostendam
1293 3579 1464 3644 scriberet.

325 3679 444 3744 Contra
466 3679 521 3745 ille
545 3667 685 3762 quidem,
711 3701 783 3745 cum
806 3680 885 3745 nihil
908 3681 1070 3746 inanimo
1093 3682 1234 3762 haberet,
1261 3681 1324 3747 nisi
1340 3687 1375 3746 ut
1390 3701 1467 3748 eum

325 3782 432 3847 locum
456 3782 662 3866 significaret,
688 3783 730 3849 ad
753 3803 848 3864 quem
874 3785 973 3850 verba
1000 3785 1035 3846 td
1056 3786 1141 3868 quod
1160 3805 1222 3848 aon
1244 3807 1309 3848 esse
1325 3787 1472 3868 probavi

329 3888 411 3969 (528)
439 3893 631 3970 spectarent,
658 3907 699 3952 ne
722 3887 828 3952 littera
852 3886 980 3968 quidem
1004 3893 1127 3952 mutata
1149 3908 1260 3954 versus
1283 3887 1405 3953 citavit.

411 3988 460 4052 En
482 3988 532 4055 bis
556 3989 712 4072 exemplis
735 3989 769 4054 id
792 3995 878 4055 certe
901 3990 1050 4055 effectum
1067 3989 1289 4070 videturesse,
1316 3990 1468 4057 ubicum-

323 4111 386 4173 que
401 4091 586 4158 iterationes
602 4099 739 4173 exstent,
759 4091 791 4156 in
804 4093 919 4174 quibus
932 4093 1125 4158 Lucretiana
1136 4093 1235 4158 verba
1246 4094 1467 4178 interpotandi

393 4302 409 4366 ¹]
431 4299 514 4353 codd.
529 4299 671 4370 plupace
688 4313 739 4367 pro
752 4299 883 4369 pluyae.
