3304 4928
607 509 642 518 -
690 471 789 555 [209]
836 510 878 519 -
1267 473 1309 538 es

163 669 329 729 contextus
357 664 478 740 uerbis,
504 665 562 728 καὶ
589 653 631 728 τὰ
659 659 791 741 τούτοις
815 663 1119 732 ἐπακολουθοῦντα
1147 660 1236 754 πλὴν
1260 655 1310 732 cdv

163 765 435 854 συνωμοσάμιθα
457 761 500 876 μὴ
523 781 635 835 ποιεῖν
654 771 866 838 circumscribi
890 793 1016 837 uersum
1041 773 1101 837 841
1128 765 1310 840 καὶπάνθ’

164 867 309 960 ὑπέχειν,
337 869 426 963 πλὴν
449 879 500 942 ὠν
523 869 718 943 σύνοιδεν
702 903 721 964 ρ
746 874 850 960 κύλιξ,
879 879 1014 963 denique
1036 878 1210 945 τουτέστιν
1234 897 1307 945 συν·

164 979 332 1065 ουοιιὲζειν
357 1005 472 1048 nouum
496 985 528 1048 in
530 991 826 1069 t‚erprctamontum
854 986 938 1070 quod
960 987 1001 1052 ad
1026 986 1159 1052 eundem
1182 1009 1309 1052 uersum

164 1091 224 1154 841
256 1091 424 1174 pertineat.
469 1090 554 1175 Ergo
579 1092 681 1170 deest,
708 1114 771 1175 quo
794 1113 965 1176 pronomen
989 1089 1123 1170 τούτοις
1145 1093 1311 1170 referatur,

162 1218 265 1280 neque
292 1197 424 1262 dubium
451 1198 587 1276 uidetur,
615 1199 689 1284 quin
718 1205 791 1282 post
817 1200 1102 1284 παραλογίζεσθαι
1130 1200 1163 1263 in
1190 1199 1309 1265 scholio

163 1303 344 1370 lacunat
302 1305 344 1370 sit
371 1310 436 1370 stat
422 1305 601 1370 ttuendae
633 1305 833 1371 interciderit
861 1305 1030 1390 explicatio
1057 1306 1226 1371 uerborum
1254 1307 1311 1372 καὶ

163 1413 274 1491 φιλεῖν
297 1401 419 1497 καὶμὴ
443 1415 563 1493 φιλεῖν.

252 1517 291 1582 In
308 1541 335 1584 v.
359 1519 443 1584 1124
464 1517 582 1584 Suidae
600 1519 673 1584 lect
650 1526 696 1583 tro
718 1527 846 1602 μοῦσα
870 1511 943 1584 6³*
928 1519 1036 1585 ενεστί
1058 1543 1115 1603 μοι
1138 1521 1234 1586 adeo
1242 1520 1309 1605 pla-

163 1623 230 1689 cuit
251 1624 488 1709 Pors0n01)‚u
467 1617 697 1709 utpooeao'
720 1621 790 1691 εστι
812 1651 869 1710 μοι
892 1625 1098 1752 Aristophani
1124 1627 1310 1694 uindicaret

163 1731 299 1797 Videtur
321 1736 427 1796 tamen
452 1731 531 1797 illud
555 1739 664 1816 μοῦσα
683 1755 722 1798 cx
743 1755 769 1798 v.
791 1731 875 1799 1127
899 1727 1116 1819 μεμούσωμαι
1138 1734 1311 1818 irrepsisse,

162 1838 350 1921 praesertim
374 1859 445 1903 cum
467 1843 599 1923 propter
616 1837 698 1904 hauc
716 1840 818 1922 ipsam
837 1861 947 1905 uocem
964 1835 1181 1925 μεμούσωμαι
1199 1862 1310 1906 uersus

167 1943 390 2009 1124-1127
415 1967 436 2010 a
458 1943 558 2010 Suida
581 1967 604 2010 s.
623 1946 664 2028 gl.
688 1948 923 2033 Μουσωθῆναι
947 1948 1038 2012 citati
1060 1948 1133 2012 sint.
1180 1949 1310 2013 Accedit

163 2052 246 2136 quod
271 2051 431 2136 exemplis,
455 2073 536 2136 quac
558 2051 653 2117 affert
675 2051 880 2139 Reisigius2),
904 2053 1038 2118 Acharn.
1062 2053 1127 2118 556
1152 2061 1232 2131 νοῦς
1256 2046 1310 2139 ἄρ’
1379 2043 1381 2050 ’

163 2151 241 2242 ύμῖν
270 2149 332 2224 ούκ
361 2155 423 2234 ἕνα
455 2158 573 2224 Eccles.
604 2158 669 2224 850
696 2151 739 2246 ἦν
762 2152 796 2243 γ’
829 2157 972 2237 ἐκείναις
994 2166 1074 2236 νοῦς
1098 2157 1171 2242 ἐνῇ,
1199 2159 1308 2243 Eurip.

97 2297 101 2308 ·
163 2264 261 2332 Andr.
281 2265 347 2329 230
365 2257 469 2344 τέκν’,
494 2255 585 2343 ὅσοις
604 2261 712 2331 ἔνεστι
731 2272 827 2345 νοῦς,
850 2266 991 2332 eiusdem
1014 2264 1143 2330 fabulae
1167 2255 1232 2330 668
1257 2267 1310 2331 σοὶ

104 2429 105 2434 ,
164 2363 198 2436 δ’
222 2367 333 2435 ἔνεστι
352 2379 447 2450 νοῦς,
472 2371 597 2456 Hippoi.
621 2373 688 2437 920
716 2366 803 2438 οίσιν
827 2364 890 2437 oriar
914 2367 1022 2438 ἔνεστι
1047 2379 1141 2452 νοῦς,
1164 2371 1309 2455 Sophoch

164 2477 388 2542 Electr.1328
412 2485 492 2554 νοῦς
521 2471 650 2544 ἔνεστιν
678 2473 770 2556 ούτις
797 2471 876 2562 ύμῖν
905 2469 1051 2565 ἐγγενὴς,
1078 2481 1126 2543 ΒἰΒ
1152 2479 1311 2561 scriptura

164 2591 244 2660 νοῦς
269 2575 302 2648 δ’
326 2580 435 2649 ἔνεστί
456 2608 513 2668 μοι
537 2583 703 2650 confirmat
689 2592 749 2650 t.ur

253 2690 290 2754 ln
322 2713 348 2756 v.
380 2689 464 2756 1153
498 2686 650 2778 εταίρους
686 2692 817 2758 Florens
850 2691 1047 2806 Christianus
1085 2714 1142 2775 pro
1176 2687 1310 2778 ετίρους

164 2795 211 2860 R¹⁵
230 2792 395 2880 flagitante
417 2804 519 2864 metro
543 2800 688 2865 correxit

252 2903 289 2967 In
314 2903 426 2968 eodem
443 2927 539 2970 uersu
557 2928 596 2970 ex
615 2905 732 2970 Suidae
751 2903 894 2970 codicum
913 2906 997 2988 scrip
999 2906 1078 2970 turis
1097 2903 1198 2994 ιτιτιίᾳ
1217 2904 1310 2991 (AO),

164 3006 303 3074 ιτιτιείαν
318 3011 385 3097 (V),
408 3007 530 3076 ίιιιτίαν
549 3011 633 3099 (ΒΕ)
653 3012 808 3077 Kusterus
822 3004 1139 3096 ‘quta-genetiunrn
1160 3012 1309 3077 Doricum

163 3139 257 3199 quem
289 3123 404 3184 uoeant
438 3118 643 3202 Aristophani
675 3119 906 3183 restituendum
938 3119 1064 3201 putauit
1096 3118 1211 3187 collato
1238 3118 1310 3182 Pac.

164 3223 238 3301 640,
267 3224 320 3288 ubi
348 3247 407 3309 pro
430 3225 601 3309 Βρασίδου
625 3225 768 3290 codicum
793 3225 1096 3309 Aristophancorum
1119 3223 1234 3288 Suidas
1257 3243 1310 3288 ex·

165 3329 253 3394 hibet
280 3332 430 3416 Βρασίδα
458 3333 543 3415 quod
570 3332 692 3415 placuit
719 3331 896 3396 editoribus
923 3337 1051 3414 praeter
1078 3330 1250 3414 Bergkium
1278 3337 1310 3394 et

163 3436 392 3524 Richterum2).
440 3439 482 3502 At
504 3439 654 3520 quoniam
678 3438 749 3504 Pac.
770 3437 836 3503 640
859 3437 922 3504 duo
945 3444 1070 3503 tantum
1094 3436 1216 3502 codices
1239 3435 1309 3500 Sui-

715 3563 733 3597 α

164 3615 239 3678 deni
262 3615 318 3680 VB
342 3615 502 3699 Roscida,
527 3615 553 3679 E
576 3615 758 3700 Βρασίδου,
782 3615 836 3680 AC
859 3616 996 3699 optimae
1021 3621 1115 3678 uotae
1138 3613 1310 3698 Βρασίδου

165 3719 326 3797 exhibeat,
358 3722 390 3784 in
418 3721 579 3786 codicibus
609 3721 664 3786 VB
698 3729 773 3786 uero
806 3723 958 3808 Βρασίδα
989 3728 1120 3805 propter
1151 3715 1192 3784 τὰ
1225 3718 1310 3802 quod

163 3827 306 3908 proxime
329 3827 491 3910 praecedit
514 3829 629 3891 uitiose
648 3833 812 3892 exaratum
830 3849 902 3904 esse
917 3826 1119 3892 uerisimilius
1139 3836 1196 3902 est,
1218 3826 1309 3890 deni-

164 3954 226 4016 que
249 3939 330 3997 toste
352 3932 558 4018 Kuehner04)
581 3942 694 4016 poetae
717 3935 829 4018 tragici
853 3941 886 3999 et
909 3932 1140 4017 Aristophanes
1163 3933 1310 4016 genetiuo

238 4165 256 4230 ¹)
275 4163 311 4217 ad
330 4161 425 4232 Eurip.
445 4163 519 4217 Med.
541 4163 618 4218 1079.

236 4252 257 4318 Ψ)
278 4252 410 4306 Coniectt.
430 4269 474 4320 μς.
494 4253 555 4306 249.

236 4341 258 4410 ⁸)
277 4339 435 4396 Dindorfius
459 4339 487 4394 in
512 4355 595 4393 uersu
618 4339 678 4408 ipso
700 4341 827 4410 Βρασίδα
850 4341 954 4410 posuit,
978 4341 1006 4394 iu
1028 4340 1250 4394 adnotationibus
1274 4341 1310 4395 ad

163 4429 245 4484 Pacis
264 4435 293 4482 et
311 4429 483 4500 Lysistratus
502 4443 598 4482 uersus
621 4429 763 4498 Βρασίδου
783 4429 908 4484 reuocari
927 4429 1016 4486 tussit.

236 4519 257 4582 ⁴)
277 4517 395 4572 Gremm.
416 4519 513 4572 Graec.
534 4517 564 4570 1¹
583 4533 628 4586 pg.
647 4517 709 4582 302,
730 4520 754 4572 λ,

1133 4609 1150 4660 5
