3262 4926
804 374 1019 436 ..72-

479 559 702 644 multoplerqoe
724 559 787 624 toci
806 558 942 643 spartam
966 568 1181 624 transcurrere
1204 558 1310 622 eodem

479 671 613 743 tempore
634 683 694 747 quo
715 661 791 727 tolie
807 663 999 748 peroolpent
1010 662 1189 747 sulpura
1211 661 1344 726 eaelum.

348 763 546 842 Quibuscum
581 765 609 833 ei
648 765 902 850 comparaveris,
938 784 1021 848 quue
1052 765 1086 831 in
1114 771 1229 848 quarto
1261 763 1345 829 libro
1368 763 1456 830 inde
1488 786 1511 829 a

348 885 441 934 versu
465 869 527 932 204
549 867 718 951 leguntur:

519 970 597 1054 quid
610 991 689 1054 quae
704 978 777 1034 eunt
791 969 890 1055 iqitur
905 970 969 1035 iam
985 971 1096 1054 primo
1107 972 1224 1056 fronte
1240 972 1393 1054 paratu?

435 1075 497 1137 205
520 1094 590 1136 eum
612 1072 770 1138 r'oet'wuur
790 1081 822 1138 et
843 1073 988 1138 mutemur
1010 1095 1060 1138 ree
1082 1075 1173 1138 netu
1195 1082 1358 1150 moretur,'

438 1178 496 1239 195
520 1177 605 1260 qued
617 1183 768 1259 superent,
788 1176 843 1240 uti
857 1185 921 1241 tom
943 1177 1065 1242 uolucri
1086 1176 1210 1242 lenitate
1221 1178 1396 1262 ferentur,

434 1282 497 1343 206
520 1301 619 1370 quone
641 1279 726 1343 uideo
748 1279 840 1343 titire
862 1280 971 1344 debere
995 1289 1027 1343 et
1048 1279 1170 1364 lortpr'ue
1192 1279 1239 1343 r're

518 1381 744 1467 multiplexque
767 1381 830 1446 tori
850 1382 989 1466 epatium
1012 1391 1229 1447 transcurrere
1250 1383 1357 1447 eodem

520 1493 656 1568 tempore
678 1505 738 1568 quo
760 1485 835 1550 eolis
854 1487 1043 1571 peruulpont
1065 1485 1216 1550 lumino
1238 1486 1389 1549 coelum?

346 1587 495 1668 quoniam
518 1587 624 1672 priore
652 1587 722 1654 loeo
744 1608 802 1673 pro
824 1587 955 1667 termina,
981 1586 1067 1670 quod
1089 1595 1139 1654 est
1158 1587 1193 1652 in
1208 1587 1397 1672 posteriore,
1415 1589 1498 1674 fid-

344 1712 426 1772 pura
447 1691 539 1756 nulla
560 1690 626 1756 aliu
647 1709 747 1756 eausa
768 1690 921 1775 seriptum
936 1709 1011 1757 esse
1027 1689 1183 1758 eoueedee
1205 1689 1269 1757 uisi
1291 1689 1378 1774 quod
1393 1693 1496 1776 poulo

346 1799 421 1858 ante
443 1792 563 1856 lumina
585 1792 660 1856 eolr'e
682 1798 821 1876 exstant,
848 1792 924 1875 quid
947 1791 1086 1868 dubitus,
1108 1793 1185 1876 quin
1200 1793 1233 1858 in
1250 1792 1394 1860 seeundo
1410 1793 1494 1860 libro
1598 1805 1599 1808 ’

345 1913 458 1961 versus

475 1999 700 2083 multiplexque
723 1999 785 2063 loci
804 1999 941 2083 epatium
965 2007 1180 2063 transcurrere
1202 1999 1309 2062 eodem

390 2121 394 2132 ·
474 2110 611 2184 tempore
633 2124 693 2186 quo
715 2101 790 2166 eolre
806 2103 998 2186 pernulparrt
1009 2103 1149 2187 sulpure
1170 2102 1301 2182 caelum,

345 2205 445 2290 spurii
467 2205 544 2284 sint,
569 2204 756 2291 praesertim
779 2224 850 2270 oum
874 2205 956 2271 bene
971 2204 1074 2270 omitti
1089 2204 1224 2288 possint,
1242 2205 1394 2286 quoniam
1410 2202 1492 2269 nihil

345 2308 420 2376 novi
442 2308 588 2376 versinus
614 2311 686 2374 181.
712 2311 731 2372 2
755 2308 957 2392 adiungunt?
977 2345 1020 2355 -

430 2412 639 2480 Memorabile
678 2411 916 2497 interpolatoris
955 2430 1073 2496 operae
1112 2411 1295 2496 exemplum
1332 2410 1491 2493 praebent

344 2533 457 2580 versus

807 2617 846 2699 v,
872 2619 1017 2682 rte-31

407 2720 678 2804 (tte-22=1‚
708 2723 900 2806 1021-(t);
933 2723 1061 2785 ott-6
1084 2749 1126 2775 =
1148 2719 1187 2795 V,
1217 2721 1382 2798 187-913

505 2825 568 2888 428
590 2852 634 2880 =.-.
656 2824 682 2905 1,
711 2827 810 2903 10263
837 2827 983 2888 429-31
1010 2853 1053 2879 =
1075 2823 1118 2900 11,
1147 2824 1317 2903 1061-3.)

343 2925 431 3004 Quos
462 2927 546 2992 mule
573 2933 737 2993 eononrtos
766 2945 839 2992 esee
874 2927 952 2992 nihil
981 2925 1098 2992 elarius
1125 2925 1247 2991 indicat
1276 2944 1371 3008 quum
1401 2924 1489 3007 quod
1600 2971 1601 3016 3

338 3027 518 3111 primordio
547 3050 653 3093 rerum
681 3029 714 3117 iu
744 3048 837 3096 versu
865 3032 928 3093 422
956 3047 1090 3114 prorsus
1121 3045 1396 3112 superuacaneum
1423 3035 1484 3104 eet,

217 3209 220 3218 ,
343 3151 414 3197 eum
443 3131 477 3198 in
507 3131 672 3199 enuntiato
702 3132 845 3212 musali,
881 3132 966 3216 quod
1000 3152 1022 3197 o
1049 3133 1107 3196 red
1133 3131 1207 3216 quta
1235 3129 1363 3215 incipit,
1401 3130 1488 3197 idem

343 3234 520 3300 subiectum
543 3235 724 3318 primordia
751 3257 857 3302 rerum
887 3243 936 3302 est
969 3241 1065 3318 utque
1092 3235 1127 3300 in
1150 3237 1312 3300 enuntiate
1336 3233 1488 3316 primerio
1600 3319 1601 3322 Ἴ

347 3340 420 3420 (119
443 3341 540 3424 eqo).
587 3339 638 3405 Ab
664 3338 758 3405 initio
787 3357 862 3404 vero
890 3357 946 3405 eos
974 3336 1026 3403 hie
1054 3357 1117 3402 nou
1141 3335 1242 3402 fuisse
1265 3355 1305 3400 ex
1328 3335 1489 3418 particula
1600 3339 1601 3358 ¹

345 3451 408 3506 tum
428 3441 462 3506 iu
485 3461 581 3508 versu
604 3444 666 3506 432
683 3441 854 3510 cernitur..
874 3440 965 3519 Quae
988 3460 1050 3524 que
1073 3440 1115 3506 sit
1137 3437 1317 3520 reserenda,
1343 3437 1391 3503 ito
1412 3445 1488 3504 ten·

342 3551 407 3610 tum
436 3542 645 3629 intellegitur,
677 3544 705 3610 si
737 3546 882 3609 tte-31
916 3542 1119 3611 seeludimno.
1173 3542 1256 3607 Nam
1287 3541 1359 3608 eine
1389 3541 1487 3608 dubio

342 3647 481 3732 pertinet
501 3648 544 3714 ad
566 3647 667 3714 verba
688 3647 741 3711 itte
763 3647 918 3712 coutuntur
936 3645 1086 3711 nuceriae·
1105 3645 1138 3710 in
1155 3649 1229 3709 416.
1269 3643 1384 3726 Neque
1401 3645 1486 3712 enim

340 3749 438 3816 adid
461 3757 586 3835 tempus
609 3757 715 3834 potest
737 3749 859 3830 referri,
885 3769 948 3833 quo
970 3749 1096 3816 semino

896 3861 1043 3916 conuecto
1065 3859 1191 3935 repento

509 3965 708 4042 ‘mapparum
730 3978 836 4021 rerum
844 3955 937 4041 fiunt
959 3954 1090 4019 exordio
1111 3975 1242 4037 temper,

522 4059 621 4124 terrui
641 4060 739 4124 mum'e
761 4068 792 4124 et
814 4059 898 4124 caeli
915 4058 1099 4144 poneretque
1113 4056 1319 4134 animantum,

339 4162 459 4248 quippe
485 4183 548 4246 quo
572 4168 726 4246 tempore,
752 4162 779 4228 si
802 4181 865 4227 non
887 4161 960 4245 ipsu
981 4160 1059 4224 eolis
1079 4167 1152 4223 roto
1173 4181 1229 4222 roeo
1251 4157 1362 4241 ntuqru'
1382 4157 1492 4223 sidero

339 4265 458 4344 rutundi,
486 4270 520 4330 ut
541 4273 627 4331 eerte
650 4263 762 4328 similet
789 4262 904 4328 nostroe
933 4263 1025 4327 rebus
1047 4284 1097 4326 ree
1119 4262 1186 4326 ulle
1208 4259 1311 4324 uideri
1331 4261 1489 4345 potuerit.
