3274 4938
635 439 854 502 ..17--

260 614 295 700 b)
319 617 352 679 iu
376 616 481 699 priore
504 618 694 700 pentametri
718 623 824 702 parte:

195 743 220 786 v.
245 723 288 786 22
313 711 378 787 ὦδε
404 721 439 788 dl
463 729 528 800 πᾶς
552 745 601 800 τις
625 721 704 810 ipat:
728 723 814 801 Il.4,
836 724 897 790 176
922 724 978 788 καί
1001 722 1041 786 κέ
1057 745 1108 800 τις
1127 711 1191 787 cid'
1211 721 1318 808 dedra*

110 854 112 864 ·
172 829 472 894 saracenatos
505 822 539 894 d'
567 823 697 915 dpsrol:
729 830 787 895 Od.
812 831 863 907 18,
887 831 951 896 205
980 831 1145 915 παντοίην
1173 822 1318 917 ἀρετήν*

172 956 198 998 v.
223 935 289 1000 660
312 937 390 1001 θεοὶ
416 932 480 1022 γάρ
507 959 543 999 τε
555 937 580 1019 ¹)
609 929 782 1020 vepeooio':
817 938 891 1002 Hes.
919 960 981 1022 erg.
1008 937 1065 1001 741
1099 943 1149 1021 τῷ
1178 936 1214 1002 δὲ
1242 939 1319 1002 θεοὶ

333 1065 369 1106 νε
395 1043 519 1107 sochot*

172 1148 241 1212 τ.·7
248 1149 288 1212 12
312 1147 345 1225 ἒς
370 1065 459 1230 ενάος
486 1142 613 1235 ἠελίουε
641 1149 676 1213 11.
701 1151 735 1228 5,
761 1151 825 1215 120
848 1147 934 1232 φάος
956 1142 1083 1236 ἠελίοιο
1108 1151 1140 1214 in
1162 1149 1226 1224 fine
1249 1151 1318 1215 hex.

172 1277 197 1317 v.
224 1255 286 1318 768
310 1251 412 1342 γῆράς
438 1249 469 1320 τ’
492 1249 693 1339 οὐλόμενονε
726 1256 799 1320 Hes.
824 1255 928 1340 theog.
953 1257 1018 1320 225
1045 1252 1146 1344 γῆράς
1169 1249 1199 1321 τ’
1222 1249 1318 1322 odid-

355 1363 458 1426 ενον.*

136 1557 139 1566 Ι
173 1491 198 1530 v.
220 1424 291 1532 780
314 1385 423 1554 ἧμγὰρ
453 1464 554 1554 ἔγωγε
585 1460 722 1536 δίδαικί
754 1468 790 1533 ll.
819 1469 868 1544 13,
892 1469 956 1533 744
980 1493 1024 1554 sq.
1051 1457 1072 1555 ἦ
1099 1462 1162 1554 γὰρ
1186 1465 1287 1554 ἔγωγε
1312 1469 1316 1558 ί

333 1576 442 1641 δείδω.

172 1703 198 1745 v.
225 1683 289 1746 852
311 1673 471 1766 μαλθακὰ
485 1682 676 1748 κωτίλλωνε
700 1681 772 1746 Hes.
789 1701 853 1764 erg.
869 1682 934 1747 374
949 1678 1070 1765 αἱμύλα
1084 1683 1319 1747 κωτίλλουσα*

173 1811 198 1850 v.
222 1789 288 1852 974
313 1788 359 1866 eir
377 1781 406 1853 τ’
420 1781 552 1873 Ἔρεβος
570 1792 710 1871 καταβῇε
730 1788 787 1852 0d.
806 1789 855 1864 10,
870 1789 934 1852 528
951 1786 997 1866 είς
1005 1782 1137 1872 Ἔρεβος
1152 1789 1320 1873 στρέψας*

174 1917 199 1958 v.
226 1897 311 1960 1084
336 1893 481 1980 ἔμπεδον
505 1893 577 1959 cliv
602 1891 702 1978 ἔχεινε
726 1894 761 1959 11.
785 1894 834 1971 16,
858 1896 917 1960 107
943 1890 1185 1979 ἕμπεδοιναίὲν
1209 1892 1319 1979 ἔχων*

172 2023 199 2066 v.
225 2003 289 2066 294
313 2006 369 2068 καὶ
402 1999 568 2088 κρατερόν
600 2023 664 2085 περ
698 1993 799 2066 ίόντ’;
833 2003 868 2066 ll.
900 2003 949 2079 15,
979 2003 1042 2066 195
1075 2004 1132 2066 καὶ
1159 1997 1324 2088 κρατερός

331 2133 395 2196 περ
420 2105 511 2174 ἐών*

261 2215 374 2281 Certae
401 2218 577 2282 sententiae
604 2217 699 2280 certis
727 2215 870 2280 formulis
899 2235 1064 2297 expressae
1091 2215 1228 2298 quaein
1252 2235 1320 2279 car-

172 2323 310 2388 minibus
332 2321 508 2387 Homericis
535 2322 651 2387 iterum
673 2327 769 2406 atqhe
791 2323 908 2387 iterum
931 2327 1112 2398 occurrunt,
1140 2322 1256 2404 partim
1278 2321 1320 2385 ab

174 2429 310 2514 Homero
334 2431 402 2512 ipso
425 2427 532 2505 fictae,
559 2428 677 2512 partim
701 2450 739 2492 ex
762 2429 849 2511 poesi
873 2429 975 2511 epioa,
1003 2449 1083 2512 quae
1106 2432 1181 2492 ante
1204 2427 1320 2493 Home-

174 2557 244 2600 rum
266 2534 383 2611 floruit,
407 2534 580 2599 translatae
604 2534 720 2617 sunt.²)
763 2535 867 2617 Atque
890 2535 970 2599 adeo
994 2555 1056 2598 non
1080 2534 1181 2598 solum
1204 2535 1320 2618 singuli
1405 2596 1412 2606 ,

173 2664 293 2718 versus,
326 2641 380 2706 sed
414 2641 509 2706 etiam
538 2641 680 2722 integrae
708 2642 855 2705 carminis
883 2647 990 2723 partes
1018 2641 1112 2706 certis
1142 2642 1219 2706 locis
1247 2663 1320 2706 con-

173 2755 294 2814 stanter
327 2753 522 2832 repetuntur.
573 2746 665 2810 Adde
698 2747 782 2829 quod
814 2747 932 2811 multae
964 2751 997 2810 et
1028 2753 1134 2812 certae
1167 2747 1320 2812 formulae

173 2863 355 2921 constanter
379 2854 490 2918 eadem
509 2871 616 2917 versus
635 2853 709 2916 sede
729 2853 931 2935 reperiuntur
949 2857 981 2917 et
1000 2854 1084 2936 quod
1103 2873 1197 2937 saepe
1216 2861 1321 2919 certae

174 2963 344 3027 eorundem
377 2960 546 3025 verborum
578 2959 697 3024 formae
730 2959 790 3023 nisi
824 2959 976 3036 incerto
1009 2981 1116 3024 versus
1148 2961 1230 3043 pede
1258 2982 1321 3026 nou

171 3068 329 3152 leguntur.
380 3067 408 3130 Α
445 3066 563 3132 talibus
600 3065 743 3130 formulis
776 3087 815 3130 ne
847 3065 1018 3149 elegiacam
1049 3065 1178 3148 quidem
1209 3067 1320 3150 poesin

171 3175 308 3240 alienam
336 3174 432 3240 fuisse
460 3174 603 3257 exempla
630 3193 669 3237 ex
696 3173 888 3256 Theognidis
915 3165 1107 3237 carminibus
1135 3195 1231 3257 supra
1258 3174 1321 3238 col-

172 3280 255 3346 lecta
287 3280 432 3364 probant.
481 3279 564 3344 Nam
597 3301 787 3362 quamquam
815 3279 973 3361 Theognis
1006 3281 1108 3344 rarius
1142 3280 1187 3345 eis
1219 3282 1321 3345 utitur

172 3409 267 3470 quam
294 3385 348 3452 alii
371 3391 484 3470 poetae
508 3386 648 3470 elegiaci,
670 3393 776 3450 tumen
800 3407 863 3448 non
886 3407 1005 3469 pomae
1029 3386 1181 3450 formulae
1205 3387 1321 3452 Home.

172 3495 257 3558 ricae
289 3493 375 3576 apud
407 3514 477 3558 eum
506 3514 576 3557 oum
604 3493 675 3558 aliis
703 3514 849 3557 versuum
876 3493 953 3558 locis
980 3500 1048 3557 tum
1072 3493 1108 3556 'in
1136 3491 1197 3556 fine
1225 3493 1321 3558 hexa-

173 3606 344 3665 metrorum
369 3599 583 3674 inveniuntur3
612 3600 715 3664 exitus
739 3599 822 3665 enim
844 3600 1043 3681 potissimum
1067 3599 1322 3665 hexametrorum

173 3712 205 3771 et
232 3707 361 3771 auribus
389 3711 422 3770 et
447 3707 618 3770 memoriae
641 3706 837 3770 audientium
860 3703 976 3770 infixae
998 3703 1213 3769 remanebant.
1259 3705 1322 3771 Sed

173 3813 329 3879 delectum
352 3810 558 3877 formularum
581 3810 700 3876 habent
722 3819 836 3894 poetae
859 3813 998 3896 elegiaci.
1045 3811 1126 3876 Nam
1150 3813 1235 3894 apud
1255 3813 1322 3878 llo·
1368 3835 1376 3852 ·

173 3939 292 3984 merum
321 3919 382 4004 ipsi
409 3916 487 3982 fines
511 3937 657 3982 uersuum
681 3917 781 3982 multa
803 3921 980 3995 continent,
1003 3939 1084 4002 quae
1108 3917 1174 3981 lere
1198 3919 1321 3984 obsole-

173 4031 239 4102 tam
257 4027 482 4108 antiquitatem
502 4025 568 4090 eius
587 4047 667 4108 quae
683 4025 881 4090 Homericam
899 4025 1073 4108 praecessit
1090 4025 1194 4107 poesis
1214 4027 1322 4108 epicae

265 4295 283 4351 ¹)
306 4289 410 4345 Vitium
435 4290 548 4345 subesse
571 4299 696 4359 apparet.
737 4288 864 4342 Fortasse
889 4305 949 4343 cum
969 4289 1128 4343 Hermanno
1153 4307 1194 4342 τοι
1220 4306 1269 4358 pro
1289 4307 1318 4342 re

174 4379 348 4434 scribendum
369 4385 417 4432 est.

263 4469 284 4525 ⁴²}
304 4466 363 4521 viu.
384 4467 483 4535 Bergk,
504 4465 664 4533 geschichte
684 4467 734 4522 der
752 4465 855 4534 griech.
877 4467 1005 4520 literatur
1023 4467 1044 4531 1,
1065 4483 1090 4534 p.
1110 4467 1171 4520 836.

1091 4557 1107 4608 2
