3274 4938
590 422 807 488 „45„.

215 599 263 664 Ex
289 601 339 665 his
361 596 499 666 numeris
522 601 663 684 intellegi
682 608 788 683 potest
806 601 973 666 nonnullos
991 607 1100 684 poetas
1119 603 1152 664 in
1170 608 1271 666 metro

126 707 241 788 prioris
268 709 458 790 pentametri
486 707 586 790 partis
614 707 764 772 struendo
792 707 884 772 valde
912 707 996 772 inter
1022 729 1056 772 se
1083 708 1270 792 discrepare.

126 811 208 876 Nam
235 812 321 896 apud
344 813 563 878 Mimnermum
590 814 686 877 tertia
714 835 786 897 pars
812 794 1083 897 pentametrornm
1110 815 1271 898 inpriore

127 925 218 1001 parte
236 941 275 983 ex
293 919 377 984 binis
395 919 530 1003 dactylis
548 921 756 1002 compartitur,
775 926 886 984 octava
903 926 1030 985 tantum
1048 942 1122 1004 pars
1136 943 1175 986 ex
1188 921 1272 985 binis

126 1017 286 1108 spoddeis3
310 1045 327 1089 e
350 1027 508 1091 contrario
531 1026 617 1108 apud
643 1024 870 1109 Xenophanem
893 1033 1005 1092 octava
1026 1047 1100 1109 pars
1124 1049 1162 1092 ex
1189 1027 1272 1091 binis

127 1131 261 1215 dactylis
283 1127 405 1196 et'lere
428 1133 560 1197 dimidia
579 1153 618 1196 ex
636 1133 719 1196 binis
738 1133 894 1216 spondeis.
937 1133 1029 1216 Apud
1048 1133 1270 1199 Archilochum

127 1239 222 1302 tertia
243 1259 318 1321 pars
341 1261 379 1304 ex
400 1238 486 1304 binis
509 1239 652 1322 dactylis,
677 1240 788 1322 quinta
811 1259 850 1302 ex
872 1239 956 1304 binis
979 1240 1139 1322 spondeis3
1162 1261 1272 1304 econ·

126 1344 226 1409 trario
253 1346 338 1428 apud
362 1343 508 1411 Solonem
536 1347 648 1428 quinta
674 1367 748 1429 pars
772 1367 810 1409 ex
833 1345 917 1409 binis
940 1344 1086 1428 dactylis,
1113 1347 1210 1410 tertia
1233 1368 1272 1410 ex

127 1450 209 1516 binis
233 1453 388 1535 spondeis.
426 1453 519 1536 Apud
541 1452 680 1538 reliquos
700 1459 810 1536 poetas
828 1452 944 1535 prioris
961 1452 1152 1536 pentametri
1171 1453 1271 1536 partis

126 1556 229 1621 forma
245 1559 381 1624 maxime
400 1560 518 1625 usitata
536 1561 736 1642 componitur
754 1579 792 1623 ex
812 1558 937 1643 dactylo
955 1560 988 1623 in
1006 1559 1108 1643 primo
1127 1564 1160 1623 et
1178 1579 1271 1642 spon·

93 1661 96 1668 '
127 1663 186 1729 deo
205 1665 238 1727 in
257 1664 358 1729 altero
377 1686 484 1730 versus
501 1667 591 1749 pede.
809 1677 813 1684 “

162 1894 191 1949 2.
215 1893 259 1950 lle
278 1894 398 1965 syllaba
416 1896 543 1964 anolpltl
563 1898 595 1951 et
614 1896 650 1951 de
669 1896 756 1950 hiatu
774 1895 807 1950 ln
827 1895 1022 1951 commissura
1040 1895 1235 1963 pentametri.

215 2022 249 2105 a)
281 2019 409 2106 Syllaba
441 2043 556 2106 anceps
587 2023 620 2085 in
647 2021 852 2086 commissura
877 2022 1067 2104 pentametri
1095 2021 1212 2103 legitur
1240 2022 1272 2082 in

126 2127 176 2192 his
195 2127 350 2192 versibus:
551 2139 552 2142 ’

126 2233 266 2316 Theogn.
285 2234 305 2298 2
325 2230 465 2321 λήσομαι
484 2226 667 2319 ἀρχόμενος
688 2235 692 2316 Ι
713 2223 790 2297 οὔδ’
809 2222 1079 2314 ἅποπαυόμευος.

216 2341 309 2423 Apud
328 2341 501 2406 Homerum
525 2331 564 2416 ο’ς
586 2339 708 2424 syllaba
729 2345 803 2404 ante
821 2337 961 2403 vocalem
978 2339 1084 2420 posita
1102 2358 1195 2420 saepe
1214 2358 1271 2420 pro

128 2447 223 2530 longa
244 2446 366 2530 syllaba
389 2448 421 2512 in
445 2448 539 2511 certis
561 2447 737 2511 hexametri
760 2444 888 2510 sedibus
906 2444 1116 2529 usurpatur.¹)
1154 2434 1271 2526 οξυβ-

127 2552 200 2617 laba
222 2554 378 2636 producta
401 2553 518 2634 legitur
541 2554 637 2618 etiam
660 2553 745 2634 apud
764 2551 902 2634 Theogn.
925 2573 952 2614 r.
977 2550 1041 2615 329
1065 2557 1140 2616 ante
1164 2570 1271 2614 caesu-
1304 2623 1308 2631 Ι

127 2681 194 2722 ram
222 2659 492 2742 penthemimeren
519 2660 576 2722 καὶ
597 2649 721 2744 βραδὺς
745 2650 903 2736 εὔβουλος
927 2651 1014 2721 εἷλεν
1038 2649 1141 2739 ταχὺν
1165 2649 1271 2739 ἄνδρα

128 2761 272 2830 διώκων.
315 2763 367 2828 Sic
390 2764 495 2848 Bergk
524 2785 594 2828 cum
622 2763 712 2828 libris
741 2764 880 2845 scripsit,
908 2762 963 2827 alii
991 2755 1151 2842 εὔβουλος
1175 2754 1208 2825 d'
1222 2761 1271 2824 vel

128 2862 177 2934 cdv
197 2864 357 2951 εὔβουλος
375 2867 459 2936 ἕλεν.
488 2870 543 2935 cfr.
561 2869 614 2934 PL
633 2892 661 2953 p.
681 2868 755 2933 507.
815 2883 817 2888 '

127 2976 266 3060 Theogn.
286 2977 353 3042 440
371 2969 434 3042 τὸυ
454 2969 483 3041 d'
502 2968 609 3042 αὐτοῦ
627 2975 715 3040 ἴδιον
736 2976 740 3060 Ι
761 2965 863 3040 οὐδὲν
882 2972 1123 3059 ἐπιστρέφεται.

215 3083 317 3149 Locus
335 3089 501 3167 corruptus
521 3090 577 3148 est.
606 3083 693 3162 Quae
712 3081 770 3146 viri
786 3081 871 3147 docti
886 3084 1087 3148 coniecerunt
1102 3081 1173 3146 vide
1187 3081 1271 3163 apud

127 3188 299 3272 Bergkium
318 3189 370 3253 PL
388 3212 418 3272 p.
438 3190 511 3255 513.

216 3295 252 3383 b)
270 3295 385 3362 Hiatus
403 3297 436 3359 in
455 3295 659 3361 commissura
672 3295 861 3377 pentametri
875 3293 991 3378 legitur
1004 3294 1037 3356 in
1051 3293 1101 3358 his
1116 3292 1271 3357 versibus:

128 3401 265 3485 Theogn.
294 3403 359 3466 478
388 3402 500 3486 (Euen.
530 3403 634 3488 Para)
668 3393 745 3465 οὔτε
777 3424 809 3465 τι
842 3391 904 3486 γὰρ
937 3396 1036 3485 adom
1061 3399 1065 3480 l
1091 3392 1168 3464 οὔτε
1196 3399 1271 3484 λίην

209 3531 211 3536 ·
286 3505 414 3592 μεθύω.

217 3614 280 3680 Sed
299 3615 482 3680 Athenaeus
501 3616 635 3679 eundem
654 3634 779 3678 versum
798 3613 842 3678 sic
860 3612 1009 3677 tradidit:

331 3713 410 3786 οὔτε
429 3744 461 3785 τι
480 3716 600 3808 νήφων
620 3711 682 3804 elp’
703 3721 708 3803 Ι
728 3713 808 3784 οὔτε
827 3720 903 3783 λὶαυ
921 3714 1070 3801 μεθύων.

216 3827 328 3894 Varias
352 3829 491 3892 virorum
509 3828 674 3892 doctorum
693 3827 889 3892 coniecturas
908 3825 979 3889 vide
998 3825 1084 3908 apud
1101 3821 1272 3904 Bergkium

127 3933 180 3999 PL
198 3957 226 4018 p.
245 3936 318 3999 516.

95 4121 101 4132 .
128 4040 267 4125 Theogn.
286 4040 352 4106 992
371 4041 404 4105 in
423 4041 454 4105 Α
473 4041 517 4106 sic
535 4040 667 4124 legitur:

324 4155 469 4233 χαιρῆισι
489 4141 640 4212 δύναταί
664 4139 783 4212 ἄλλοτε
805 4136 838 4211 d'
857 4137 957 4219 ἄλλος
976 4135 1070 4228 ἀνήρ.

219 4361 238 4421 ¹)
257 4357 306 4412 cir.
326 4358 432 4422 Hartel,
452 4357 625 4414 homerisclie
644 4357 753 4412 studien
773 4357 793 4422 Ι,
812 4373 839 4426 p.
862 4357 920 4411 103.
953 4355 1102 4409 Praeterea
1122 4353 1169 4404 cl'r.
1190 4353 1271 4406 Ross-

131 4447 201 4500 bach
221 4447 275 4500 und
294 4445 451 4514 Westphal,
470 4447 575 4516 griech.
594 4446 696 4502 metrilr
715 4445 762 4512 11²,
782 4463 808 4514 p.
828 4447 881 4500 352
899 4445 960 4498 adn.
982 4447 1005 4498 l.
