3304 4938
639 415 853 474 ..11-

273 604 328 662 tib
352 593 494 683 γίγνοντ’
527 594 711 686 ἄνθρωποί
741 623 775 665 τε
809 599 865 662 καὶ
895 593 1007 664 ἄλλων
1033 597 1137 664 έθνεα
1168 605 1312 686 θνητῶν,

351 696 504 768 ι’ἱλλοτε
527 702 605 785 μὲν
628 701 825 791 φιλότητι
847 698 1119 788 συνερχόμεν’
1152 703 1213 780 εἰς
1243 703 1315 770 ἕνα

391 827 528 888 κοσμον,

350 907 502 974 ἄλλοτε
526 903 557 976 δ’
590 898 639 975 αὖ
669 903 746 991 δίχ’
779 908 937 975 ἕκαστα
965 908 1208 996 φορεύμενα
1229 915 1317 977 νεί-

392 1039 486 1092 κεος
509 1014 643 1098 έχθει.

267 1123 328 1184 247
354 1125 476 1186 τοῦτον
497 1119 560 1203 μὲν
582 1123 735 1205 βροτέων
755 1120 885 1201 μελέων
908 1113 1115 1205 ἀριδείκετον
1137 1115 1249 1204 ὄγκον·

350 1220 504 1289 όὶλλοτε
534 1223 608 1305 μὲν
639 1222 838 1310 φιλότητι
872 1217 1144 1309 συνερχόμεν’
1181 1222 1241 1300 είς
1275 1223 1318 1288 ἓν
1388 1281 1391 1290 .

393 1321 570 1393 ἅπαντα

180 1430 271 1496 Unus
293 1430 327 1496 in
349 1431 413 1513 eis,
440 1431 495 1513 qui
520 1437 711 1515 supersunt,
737 1431 882 1496 versibus
905 1431 1056 1498 carminis
1079 1431 1159 1516 περὶ
1182 1427 1318 1518 φύσεως
1361 1501 1363 1504 ,

180 1540 287 1600 exstat
308 1536 407 1616 loeus,
435 1534 488 1600 ubi
511 1541 579 1600 tota
594 1535 756 1601 sententia
771 1535 908 1619 repetita
923 1542 982 1614 est,
1001 1555 1085 1618 quae
1100 1535 1233 1601 maximi
1248 1555 1318 1601 mo-

179 1639 277 1704 menti
300 1646 351 1706 est
371 1639 405 1704 in
427 1638 572 1704 doctrina
594 1639 664 1704 eius
687 1639 895 1724 exponenda:

265 1746 299 1807 61
317 1744 337 1826 ¹]
365 1736 481 1809 δίπλ’
507 1740 625 1828 ἐρέω·
652 1742 746 1806 τοτὲ
768 1741 842 1824 μὲν
860 1735 1171 1830 γὰρὲνηόξήθη
1187 1739 1317 1824 μόνον

403 1839 519 1913 εἶναι

324 1959 329 1970 ’
360 1947 402 2015 ἐκ
431 1946 642 2032 πλεόνων,
677 1949 775 2015 τοτὲ
805 1943 837 2015 δ’
869 1938 919 2016 αὗ
949 1949 1077 2036 διέφυ
1102 1944 1242 2017 πλέον’
1277 1949 1317 2029 ἐξ

405 2049 501 2130 ἑνός
524 2047 648 2119 εἶναι.

264 2161 304 2222 75
361 2151 405 2234 ὡς
427 2155 490 2244 γὰρ
507 2158 564 2222 καὶ
579 2159 663 2243 πρὶν
678 2156 777 2224 έειπα
794 2155 1002 2244 πιφαύσκων
1016 2162 1163 2243 πείρατα
1178 2153 1312 2240 μόθων,

361 2255 470 2325 δίπλ
497 2259 618 2346 ἐρέω·
645 2261 738 2326 τοτὲ
760 2255 1317 2348 μὲνγὰρὲνηόξήθημόνον

407 2358 522 2429 εἶναι

364 2465 406 2532 ἐκ
432 2465 642 2550 πλεόνων,
673 2467 768 2532 τοτὲ
800 2461 826 2533 δ’
860 2467 910 2534 oni
941 2467 1066 2555 διέφυ
1099 2462 1243 2534 πλέον’
1277 2466 1318 2547 ἐξ

407 2567 500 2646 ἑνὸς
522 2563 645 2636 εἶναι.

179 2679 310 2687 *a*

249 2710 267 2771 ἱ]
288 2708 378 2764 Recte
390 2707 515 2763 Steinius
533 2715 599 2765 ante
616 2724 728 2764 versum
742 2711 771 2762 61
793 2709 911 2782 πείρατα
928 2706 1041 2779 μόθων,
1063 2710 1137 2779 quod
1150 2709 1318 2764 Karstenius

178 2795 346 2864 repetierat,
368 2795 475 2850 reiecit.
514 2795 610 2866 Neque
629 2797 701 2850 enirn
720 2811 817 2850 sanum
836 2803 913 2852 esset
931 2793 998 2870 ίρίω
1018 2793 1105 2850 διπλὰ
1130 2795 1247 2868 πείρατα
1264 2792 1319 2867 μέ-

178 2885 253 2946 νων,
271 2881 403 2950 quoniam
422 2897 505 2936 unum
523 2883 563 2937 rei
581 2882 691 2936 orrtrnen
709 2889 762 2936 est.

247 2969 376 3024 Ceterum
395 2968 506 3034 dubito,
528 2985 592 3022 num
615 2985 661 3022 vv.
682 2970 796 3020 74-80
821 2971 861 3024 sie
884 2977 915 3025 ut
932 2972 960 3025 in
979 2969 1079 3024 Steinii
1105 2976 1316 3040 oeterorumque

178 3055 349 3110 editionibus
369 3055 466 3111 traditi
492 3061 570 3117 sunt,
598 3061 675 3112 recte
693 3056 830 3124 tegantur.
867 3057 928 3111 Nisi
954 3056 1044 3120 satior,
1069 3057 1231 3111 secludendi
1253 3061 1320 3110 sunt

178 3157 223 3194 vv.
244 3143 371 3196 iii—ii:
397 3142 468 3197 iilud
494 3137 530 3199 ὡς
546 3139 594 3196 καὶ
613 3139 682 3211 πρὶν
699 3139 779 3194 ἕειπα
798 3138 972 3212 πιφαύσκων
995 3144 1114 3215 πείρατα
1131 3137 1236 3212 μόθων
1254 3159 1319 3213 per-

178 3228 249 3284 tinet
266 3229 302 3284 od
320 3245 367 3284 vv.
389 3230 501 3280 33-39.
540 3229 586 3283 Sic
603 3235 698 3283 autern
717 3228 803 3282 verbo
821 3229 1015 3297 coniungenda
1034 3235 1114 3284 sunt:
1362 3217 1369 3228 '

332 3311 368 3374 ὡς
385 3311 440 3386 γὰρ
458 3313 506 3368 καί
524 3313 594 3388 πρὶν
611 3312 693 3368 terna
711 3311 884 3385 πιφαύσκων
903 3316 1020 3386 πείρατα
1038 3311 1158 3386 μύθων’

332 3403 388 3474 πῦρ
406 3401 454 3454 καὶ
473 3399 549 3472 ὕδωρ
566 3401 614 3455 καὶ
631 3405 702 3470 μαῖα
720 3400 768 3454 καί
787 3397 903 3474 αἰθέρος
920 3397 1008 3466 ἤπιον
1027 3399 1102 3466 iidoc

334 3483 473 3545 Νείκόςέ
495 3483 653 3556 οὐλόμενον
671 3485 739 3555 δίχα
755 3489 820 3550 τῶν,
841 3483 998 3540 διτάλαντον
1017 3482 1135 3552 ἁπάντη,

333 3571 379 3626 καὶ
398 3569 515 3636 Φιλότης
532 3569 602 3642 μετὰ
620 3577 714 3626 τοῖσιν
731 3569 779 3638 ἴση
795 3569 883 3644 μῆκός
901 3590 929 3626 τε
948 3569 1053 3630 πλάτος
1071 3590 1099 3625 τε
1117 3605 1151 3612 -

334 3653 383 3723 τὴν
402 3655 438 3711 σὺ
457 3653 514 3727 νόῳ
533 3658 631 3731 δέρκεο
657 3699 1125 3711 ...........

333 3919 419 3970 ταῦτα
436 3915 493 3990 γὰρ
511 3909 560 3971 iod
577 3935 605 3970 τε
623 3913 716 3970 πάντα
734 3916 781 3970 καὶ
800 3915 881 3981 ἥλικα
900 3915 1008 3985 γένναν
1027 3915 1099 3980 ἔασι,

177 4001 218 4058 ita
235 4011 268 4059 ut
286 4003 414 4059 versibus
433 4005 555 4068 sr-ss,
581 4003 609 4057 in
628 4002 731 4072 quibus
753 4002 788 4056 de
806 3999 910 4057 Arnore
930 4005 1033 4072 agitur,
1053 4004 1167 4058 insertis
1185 4004 1319 4057 anacolu-

179 4089 246 4144 tbon
272 4093 363 4144 ortum
390 4091 437 4146 sit.
476 4089 598 4144 Probata
622 4091 696 4144 enirn
721 4104 767 4152 ea,
794 4105 868 4158 qnae
887 4089 923 4144 ab
948 4089 1105 4144 editoribus
1129 4093 1242 4156 recepta
1264 4098 1317 4152 est,

181 4174 301 4232 rationo
319 4191 375 4230 non
392 4183 520 4246 apparot,
542 4191 597 4245 qno
615 4191 713 4229 versus

334 4265 389 4332 πῦρ
408 4261 456 4314 καὶ
475 4259 550 4334 ὕδωρ
568 4260 615 4313 καὶ
633 4265 703 4328 γαῖα
720 4260 768 4312 καὶ
787 4257 903 4332 αἰθέρος
921 4255 1008 4325 ἤπιον
1027 4257 1102 4326 όψσς

179 4340 339 4400 τοίοιεαδσι
358 4347 405 4401 sit.
