<?xml version="1.0" encoding="UTF-8"?>
<!DOCTYPE html PUBLIC "-//W3C//DTD XHTML 1.0 Transitional//EN"
    "http://www.w3.org/TR/xhtml1/DTD/xhtml1-transitional.dtd">
<html xmlns="http://www.w3.org/1999/xhtml" xml:lang="en" lang="en">
 <head>
  <title>
</title>
<meta http-equiv="Content-Type" content="text/html;charset=utf-8" />
  <meta name='ocr-system' content='tesseract 3.04.00' />
  <meta name='ocr-capabilities' content='ocr_page ocr_carea ocr_par ocr_line ocrx_word'/>
</head>
<body>
  <div class='ocr_page' id='page_1' title='image "./dissertationesp01stragoog_0467.png"; bbox 0 0 3262 4926; ppageno 0'>
   <div class='ocr_carea' id='block_1_1' title="bbox 789 350 1005 410">
    <p class='ocr_par' dir='ltr' id='par_1_1' title="bbox 789 350 1005 410">
     <span class='ocr_line' id='line_1_1' title="bbox 789 350 1005 410; baseline 0.019 -14"><span class='ocrx_word' id='word_1_1' title='bbox 789 350 1005 410; x_wconf 77' lang='lat' dir='ltr'><strong>-tb-</strong></span> 
     </span>
    </p>
   </div>
   <div class='ocr_carea' id='block_1_2' title="bbox 321 531 1470 2166">
    <p class='ocr_par' dir='ltr' id='par_1_2' title="bbox 426 531 1388 621">
     <span class='ocr_line' id='line_1_2' title="bbox 426 531 1388 621; baseline 0.004 -25"><span class='ocrx_word' id='word_1_2' title='bbox 426 531 465 612; x_wconf 88' lang='lat' dir='ltr'><strong>V,</strong></span> <span class='ocrx_word' id='word_1_3' title='bbox 492 535 554 598; x_wconf 87' lang='grc'><strong>946</strong></span> <span class='ocrx_word' id='word_1_4' title='bbox 656 533 813 600; x_wconf 76' lang='lat' dir='ltr'><strong>meatibus</strong></span> <span class='ocrx_word' id='word_1_5' title='bbox 834 557 851 600; x_wconf 82' lang='lat' dir='ltr'><strong>e</strong></span> <span class='ocrx_word' id='word_1_6' title='bbox 872 535 995 620; x_wconf 71' lang='lat' dir='ltr'><strong>mapale</strong></span> <span class='ocrx_word' id='word_1_7' title='bbox 1015 537 1213 600; x_wconf 81' lang='lat' dir='ltr'><strong>decursus</strong></span> <span class='ocrx_word' id='word_1_8' title='bbox 1233 536 1388 621; x_wconf 77' lang='lat' dir='ltr'><strong>aquai,)</strong></span> 
     </span>
    </p>

    <p class='ocr_par' dir='ltr' id='par_1_3' title="bbox 412 635 1470 1033">
     <span class='ocr_line' id='line_1_3' title="bbox 412 635 1382 720; baseline 0.004 -20"><span class='ocrx_word' id='word_1_9' title='bbox 412 635 466 715; x_wconf 90' lang='lat' dir='ltr'><strong>VI,</strong></span> <span class='ocrx_word' id='word_1_10' title='bbox 494 637 556 700; x_wconf 88' lang='grc'><strong>608</strong></span> <span class='ocrx_word' id='word_1_11' title='bbox 574 635 734 720; x_wconf 66' lang='lat' dir='ltr'><strong>precepto</strong></span> <span class='ocrx_word' id='word_1_12' title='bbox 756 658 842 702; x_wconf 76' lang='lat' dir='ltr'><strong>arare</strong></span> <span class='ocrx_word' id='word_1_13' title='bbox 863 637 1022 704; x_wconf 76' lang='lat' dir='ltr'><strong>mirentur</strong></span> <span class='ocrx_word' id='word_1_14' title='bbox 1042 661 1104 704; x_wconf 80' lang='lat' dir='ltr'><strong>nen</strong></span> <span class='ocrx_word' id='word_1_15' title='bbox 1126 639 1257 704; x_wconf 83' lang='lat' dir='ltr'><strong>reddere</strong></span> <span class='ocrx_word' id='word_1_16' title='bbox 1277 639 1382 704; x_wconf 75' lang='lat' dir='ltr'><strong>maius</strong></span> 
     </span>
     <span class='ocr_line' id='line_1_4' title="bbox 580 741 1470 828; baseline 0.002 -24"><span class='ocrx_word' id='word_1_17' title='bbox 580 747 739 817; x_wconf 80' lang='lat' dir='ltr'><strong>naturam,</strong></span> <span class='ocrx_word' id='word_1_18' title='bbox 765 741 1005 824; x_wconf 69' lang='lat' dir='ltr'><strong>queritantes</strong></span> <span class='ocrx_word' id='word_1_19' title='bbox 1026 743 1223 808; x_wconf 75' lang='lat' dir='ltr'><strong>decursae</strong></span> <span class='ocrx_word' id='word_1_20' title='bbox 1244 764 1470 828; x_wconf 79' lang='lat' dir='ltr'><strong>aquaram,</strong></span> 
     </span>
     <span class='ocr_line' id='line_1_5' title="bbox 581 841 1361 930; baseline 0.004 -25"><span class='ocrx_word' id='word_1_21' title='bbox 581 841 686 930; x_wconf 69' lang='lat' dir='ltr'><strong>omnia</strong></span> <span class='ocrx_word' id='word_1_22' title='bbox 708 865 768 927; x_wconf 84' lang='lat' dir='ltr'><strong>qao</strong></span> <span class='ocrx_word' id='word_1_23' title='bbox 792 843 919 908; x_wconf 69' lang='lat' dir='ltr'><strong>oenmnt</strong></span> <span class='ocrx_word' id='word_1_24' title='bbox 940 866 979 910; x_wconf 75' lang='lat' dir='ltr'><strong>erc</strong></span> <span class='ocrx_word' id='word_1_25' title='bbox 1001 844 1238 930; x_wconf 75' lang='lat' dir='ltr'><strong>omoifhemr&#39;na</strong></span> <span class='ocrx_word' id='word_1_26' title='bbox 1254 853 1361 928; x_wconf 82' lang='lat' dir='ltr'><strong>parte.</strong></span> 
     </span>
     <span class='ocr_line' id='line_1_6' title="bbox 582 945 1369 1033; baseline 0.003 -26"><span class='ocrx_word' id='word_1_27' title='bbox 582 945 663 1009; x_wconf 85' lang='lat' dir='ltr'><strong>adde</strong></span> <span class='ocrx_word' id='word_1_28' title='bbox 686 967 780 1030; x_wconf 75' lang='lat' dir='ltr'><strong>capos</strong></span> <span class='ocrx_word' id='word_1_29' title='bbox 802 945 912 1012; x_wconf 66' lang='lat' dir='ltr'><strong>imbres</strong></span> <span class='ocrx_word' id='word_1_30' title='bbox 935 955 1195 1033; x_wconf 67' lang='lat' dir='ltr'><strong>tempestatesque</strong></span> <span class='ocrx_word' id='word_1_31' title='bbox 1217 948 1369 1012; x_wconf 79' lang='lat' dir='ltr'><strong>volontas.</strong></span> 
     </span>
    </p>

    <p class='ocr_par' dir='ltr' id='par_1_4' title="bbox 321 1049 1470 2166">
     <span class='ocr_line' id='line_1_7' title="bbox 322 1049 1470 1134; baseline 0 -18"><span class='ocrx_word' id='word_1_32' title='bbox 322 1049 384 1116; x_wconf 89' lang='lat' dir='ltr'><strong>Hic</strong></span> <span class='ocrx_word' id='word_1_33' title='bbox 406 1049 569 1114; x_wconf 79' lang='lat' dir='ltr'><strong>demersum</strong></span> <span class='ocrx_word' id='word_1_34' title='bbox 592 1070 757 1132; x_wconf 82' lang='lat' dir='ltr'><strong>aquaram,</strong></span> <span class='ocrx_word' id='word_1_35' title='bbox 782 1068 855 1116; x_wconf 89' lang='lat' dir='ltr'><strong>cum</strong></span> <span class='ocrx_word' id='word_1_36' title='bbox 878 1049 983 1118; x_wconf 82' lang='lat' dir='ltr'><strong>sontes</strong></span> <span class='ocrx_word' id='word_1_37' title='bbox 1005 1069 1069 1118; x_wconf 87' lang='lat' dir='ltr'><strong>nou</strong></span> <span class='ocrx_word' id='word_1_38' title='bbox 1091 1051 1198 1116; x_wconf 88' lang='lat' dir='ltr'><strong>minus</strong></span> <span class='ocrx_word' id='word_1_39' title='bbox 1218 1070 1315 1134; x_wconf 85' lang='lat' dir='ltr'><strong>quam</strong></span> <span class='ocrx_word' id='word_1_40' title='bbox 1330 1050 1470 1116; x_wconf 84' lang='lat' dir='ltr'><strong>flumina</strong></span> 
     </span>
     <span class='ocr_line' id='line_1_8' title="bbox 321 1151 1469 1237; baseline 0.002 -19"><span class='ocrx_word' id='word_1_41' title='bbox 321 1171 362 1218; x_wconf 87' lang='lat' dir='ltr'><strong>ac</strong></span> <span class='ocrx_word' id='word_1_42' title='bbox 384 1171 473 1218; x_wconf 81' lang='lat' dir='ltr'><strong>mare</strong></span> <span class='ocrx_word' id='word_1_43' title='bbox 495 1159 615 1236; x_wconf 83' lang='lat' dir='ltr'><strong>augeat</strong></span> <span class='ocrx_word' id='word_1_44' title='bbox 634 1153 718 1234; x_wconf 77' lang='lat'><strong>(261.</strong></span> <span class='ocrx_word' id='word_1_45' title='bbox 739 1155 783 1234; x_wconf 76' lang='lat'><strong>2),</strong></span> <span class='ocrx_word' id='word_1_46' title='bbox 802 1151 883 1218; x_wconf 90' lang='lat' dir='ltr'><strong>nihil</strong></span> <span class='ocrx_word' id='word_1_47' title='bbox 899 1152 1083 1237; x_wconf 88' lang='lat' dir='ltr'><strong>significare</strong></span> <span class='ocrx_word' id='word_1_48' title='bbox 1097 1153 1161 1222; x_wconf 89' lang='lat' dir='ltr'><strong>nisi</strong></span> <span class='ocrx_word' id='word_1_49' title='bbox 1176 1153 1327 1220; x_wconf 85' lang='lat' dir='ltr'>imbrem:</span> <span class='ocrx_word' id='word_1_50' title='bbox 1353 1161 1469 1220; x_wconf 87' lang='lat' dir='ltr'><strong>contra</strong></span> 
     </span>
     <span class='ocr_line' id='line_1_9' title="bbox 322 1255 1469 1340; baseline 0.003 -20"><span class='ocrx_word' id='word_1_51' title='bbox 322 1255 355 1320; x_wconf 93' lang='lat' dir='ltr'><strong>in</strong></span> <span class='ocrx_word' id='word_1_52' title='bbox 378 1261 468 1322; x_wconf 83' lang='lat' dir='ltr'><strong>sexto</strong></span> <span class='ocrx_word' id='word_1_53' title='bbox 491 1255 572 1321; x_wconf 93' lang='lat' dir='ltr'><strong>libro</strong></span> <span class='ocrx_word' id='word_1_54' title='bbox 595 1255 697 1320; x_wconf 90' lang='lat' dir='ltr'><strong>solam</strong></span> <span class='ocrx_word' id='word_1_55' title='bbox 720 1274 792 1320; x_wconf 90' lang='lat' dir='ltr'><strong>eam</strong></span> <span class='ocrx_word' id='word_1_56' title='bbox 815 1256 1048 1338; x_wconf 78' lang='lat' dir='ltr'><strong>accessionem,</strong></span> <span class='ocrx_word' id='word_1_57' title='bbox 1076 1275 1158 1340; x_wconf 84' lang='lat' dir='ltr'><strong>quae</strong></span> <span class='ocrx_word' id='word_1_58' title='bbox 1186 1256 1267 1324; x_wconf 87' lang='lat' dir='ltr'><strong>mari</strong></span> <span class='ocrx_word' id='word_1_59' title='bbox 1293 1277 1335 1326; x_wconf 84' lang='lat' dir='ltr'><strong>ex</strong></span> <span class='ocrx_word' id='word_1_60' title='bbox 1357 1257 1469 1324; x_wconf 89' lang='lat' dir='ltr'><strong>flumi-</strong></span> 
     </span>
     <span class='ocr_line' id='line_1_10' title="bbox 322 1356 1467 1442; baseline 0.002 -20"><span class='ocrx_word' id='word_1_61' title='bbox 322 1357 417 1424; x_wconf 84' lang='lat' dir='ltr'><strong>nibus</strong></span> <span class='ocrx_word' id='word_1_62' title='bbox 438 1356 568 1436; x_wconf 86' lang='lat' dir='ltr'><strong>affluat,</strong></span> <span class='ocrx_word' id='word_1_63' title='bbox 600 1358 781 1442; x_wconf 73' lang='lat' dir='ltr'><strong>intelleget,</strong></span> <span class='ocrx_word' id='word_1_64' title='bbox 819 1359 1011 1442; x_wconf 88' lang='lat' dir='ltr'><strong>quicumque</strong></span> <span class='ocrx_word' id='word_1_65' title='bbox 1043 1359 1224 1426; x_wconf 79' lang='lat' dir='ltr'><strong>accuratius</strong></span> <span class='ocrx_word' id='word_1_66' title='bbox 1253 1379 1326 1426; x_wconf 91' lang='lat' dir='ltr'><strong>eum</strong></span> <span class='ocrx_word' id='word_1_67' title='bbox 1356 1361 1467 1426; x_wconf 86' lang='lat' dir='ltr'><strong>locum</strong></span> 
     </span>
     <span class='ocr_line' id='line_1_11' title="bbox 322 1460 1465 1546; baseline 0.002 -20"><span class='ocrx_word' id='word_1_68' title='bbox 322 1461 519 1545; x_wconf 82' lang='lat' dir='ltr'><strong>adspexerit.</strong></span> <span class='ocrx_word' id='word_1_69' title='bbox 574 1460 722 1545; x_wconf 86' lang='lat' dir='ltr'><strong>Denique</strong></span> <span class='ocrx_word' id='word_1_70' title='bbox 754 1461 880 1528; x_wconf 87' lang='lat' dir='ltr'><strong>accedit</strong></span> <span class='ocrx_word' id='word_1_71' title='bbox 908 1467 1150 1546; x_wconf 79' lang='lat' dir='ltr'><strong>argumentum,</strong></span> <span class='ocrx_word' id='word_1_72' title='bbox 1182 1483 1247 1546; x_wconf 85' lang='lat' dir='ltr'><strong>quo</strong></span> <span class='ocrx_word' id='word_1_73' title='bbox 1280 1464 1348 1530; x_wconf 90' lang='lat' dir='ltr'><strong>solo</strong></span> <span class='ocrx_word' id='word_1_74' title='bbox 1380 1461 1465 1528; x_wconf 90' lang='lat' dir='ltr'><strong>illud</strong></span> 
     </span>
     <span class='ocr_line' id='line_1_12' title="bbox 321 1563 1465 1650; baseline 0.003 -22"><span class='ocrx_word' id='word_1_75' title='bbox 321 1563 452 1646; x_wconf 91' lang='lat' dir='ltr'><strong>quidem</strong></span> <span class='ocrx_word' id='word_1_76' title='bbox 474 1563 661 1646; x_wconf 83' lang='lat' dir='ltr'><strong>ostenditur,</strong></span> <span class='ocrx_word' id='word_1_77' title='bbox 688 1567 747 1632; x_wconf 78' lang='lat' dir='ltr'><strong>tor</strong></span> <span class='ocrx_word' id='word_1_78' title='bbox 761 1568 851 1629; x_wconf 80' lang='lat'><strong>-72</strong></span> <span class='ocrx_word' id='word_1_79' title='bbox 874 1565 902 1630; x_wconf 91' lang='lat' dir='ltr'><strong>si</strong></span> <span class='ocrx_word' id='word_1_80' title='bbox 924 1585 945 1631; x_wconf 89' lang='lat' dir='ltr'><strong>a</strong></span> <span class='ocrx_word' id='word_1_81' title='bbox 967 1573 1065 1650; x_wconf 84' lang='lat' dir='ltr'><strong>poeta</strong></span> <span class='ocrx_word' id='word_1_82' title='bbox 1087 1565 1199 1650; x_wconf 87' lang='lat' dir='ltr'><strong>scripti</strong></span> <span class='ocrx_word' id='word_1_83' title='bbox 1222 1565 1303 1646; x_wconf 89' lang='lat' dir='ltr'><strong>sint,</strong></span> <span class='ocrx_word' id='word_1_84' title='bbox 1335 1585 1400 1631; x_wconf 92' lang='lat' dir='ltr'><strong>nen</strong></span> <span class='ocrx_word' id='word_1_85' title='bbox 1423 1585 1465 1631; x_wconf 91' lang='lat' dir='ltr'><strong>eo</strong></span> 
     </span>
     <span class='ocr_line' id='line_1_13' title="bbox 321 1663 1465 1752; baseline 0 -18"><span class='ocrx_word' id='word_1_86' title='bbox 321 1688 385 1750; x_wconf 91' lang='lat' dir='ltr'><strong>quo</strong></span> <span class='ocrx_word' id='word_1_87' title='bbox 407 1667 542 1734; x_wconf 81' lang='lat' dir='ltr'><strong>decebat</strong></span> <span class='ocrx_word' id='word_1_88' title='bbox 563 1667 633 1736; x_wconf 92' lang='lat' dir='ltr'><strong>loco</strong></span> <span class='ocrx_word' id='word_1_89' title='bbox 655 1667 790 1734; x_wconf 86' lang='lat' dir='ltr'><strong>traditos</strong></span> <span class='ocrx_word' id='word_1_90' title='bbox 812 1687 897 1736; x_wconf 90' lang='lat' dir='ltr'><strong>esse.</strong></span> <span class='ocrx_word' id='word_1_91' title='bbox 944 1668 1101 1752; x_wconf 78' lang='lat' dir='ltr'><strong>Diligenti</strong></span> <span class='ocrx_word' id='word_1_92' title='bbox 1129 1668 1215 1736; x_wconf 88' lang='lat' dir='ltr'><strong>enim</strong></span> <span class='ocrx_word' id='word_1_93' title='bbox 1238 1663 1465 1752; x_wconf 84' lang='lat' dir='ltr'><strong>disquisitione</strong></span> 
     </span>
     <span class='ocr_line' id='line_1_14' title="bbox 322 1770 1466 1856; baseline -0.002 -18"><span class='ocrx_word' id='word_1_94' title='bbox 322 1770 591 1853; x_wconf 88' lang='lat' dir='ltr'><strong>Stuereuburgius</strong></span> <span class='ocrx_word' id='word_1_95' title='bbox 622 1770 714 1853; x_wconf 78' lang='lat' dir='ltr'><strong>(Acta</strong></span> <span class='ocrx_word' id='word_1_96' title='bbox 735 1789 801 1838; x_wconf 86' lang='lat' dir='ltr'><strong>soc.</strong></span> <span class='ocrx_word' id='word_1_97' title='bbox 827 1771 917 1856; x_wconf 82' lang='lat' dir='ltr'><strong>lips.</strong></span> <span class='ocrx_word' id='word_1_98' title='bbox 950 1771 997 1853; x_wconf 89' lang='lat'><strong>11,</strong></span> <span class='ocrx_word' id='word_1_99' title='bbox 1024 1774 1197 1854; x_wconf 52' lang='lat'><strong>3794831</strong></span> <span class='ocrx_word' id='word_1_100' title='bbox 1232 1771 1466 1838; x_wconf 82' lang='lat' dir='ltr'><strong>domonstravit</strong></span> 
     </span>
     <span class='ocr_line' id='line_1_15' title="bbox 322 1872 1464 1958; baseline -0.001 -19"><span class='ocrx_word' id='word_1_101' title='bbox 322 1872 491 1940; x_wconf 79' lang='lat' dir='ltr'><strong>formulam</strong></span> <span class='ocrx_word' id='word_1_102' title='bbox 515 1874 600 1958; x_wconf 83' lang='lat' dir='ltr'><strong>quod</strong></span> <span class='ocrx_word' id='word_1_103' title='bbox 619 1882 761 1958; x_wconf 71' lang='lat' dir='ltr'><strong>coeperest</strong></span> <span class='ocrx_word' id='word_1_104' title='bbox 782 1873 962 1942; x_wconf 86' lang='lat' dir='ltr'><strong>adhibitam</strong></span> <span class='ocrx_word' id='word_1_105' title='bbox 985 1894 1048 1940; x_wconf 91' lang='lat' dir='ltr'><strong>non</strong></span> <span class='ocrx_word' id='word_1_106' title='bbox 1077 1893 1152 1942; x_wconf 87' lang='lat' dir='ltr'><strong>esse</strong></span> <span class='ocrx_word' id='word_1_107' title='bbox 1178 1895 1199 1940; x_wconf 91' lang='lat' dir='ltr'><strong>a</strong></span> <span class='ocrx_word' id='word_1_108' title='bbox 1221 1873 1370 1942; x_wconf 88' lang='lat' dir='ltr'><strong>Lucretio</strong></span> <span class='ocrx_word' id='word_1_109' title='bbox 1398 1872 1464 1939; x_wconf 90' lang='lat' dir='ltr'><strong>nisi</strong></span> 
     </span>
     <span class='ocr_line' id='line_1_16' title="bbox 322 1975 1459 2061; baseline 0 -19"><span class='ocrx_word' id='word_1_110' title='bbox 322 1977 377 2056; x_wconf 88' lang='lat' dir='ltr'><strong>ita,</strong></span> <span class='ocrx_word' id='word_1_111' title='bbox 405 1983 440 2042; x_wconf 89' lang='lat' dir='ltr'><strong>ut</strong></span> <span class='ocrx_word' id='word_1_112' title='bbox 455 1975 497 2046; x_wconf 87' lang='lat' dir='ltr'><strong>ad</strong></span> <span class='ocrx_word' id='word_1_113' title='bbox 515 1975 611 2044; x_wconf 86' lang='lat' dir='ltr'><strong>finem</strong></span> <span class='ocrx_word' id='word_1_114' title='bbox 626 1976 916 2061; x_wconf 79' lang='lat' dir='ltr'><strong>argumentationis</strong></span> <span class='ocrx_word' id='word_1_115' title='bbox 930 1977 983 2044; x_wconf 83' lang='lat' dir='ltr'><strong>vel</strong></span> <span class='ocrx_word' id='word_1_116' title='bbox 998 1976 1250 2046; x_wconf 88' lang='lat' dir='ltr'><strong>enumerationis</strong></span> <span class='ocrx_word' id='word_1_117' title='bbox 1265 1975 1415 2044; x_wconf 84' lang='lat' dir='ltr'><strong>transiret</strong></span> <span class='ocrx_word' id='word_1_118' title='bbox 1423 1980 1459 2058; x_wconf 83' lang='lat'><strong>¹).</strong></span> 
     </span>
     <span class='ocr_line' id='line_1_17' title="bbox 321 2080 1463 2166; baseline 0.001 -21"><span class='ocrx_word' id='word_1_119' title='bbox 321 2080 440 2146; x_wconf 88' lang='lat' dir='ltr'><strong>Nostro</strong></span> <span class='ocrx_word' id='word_1_120' title='bbox 462 2099 538 2148; x_wconf 86' lang='lat' dir='ltr'><strong>vero</strong></span> <span class='ocrx_word' id='word_1_121' title='bbox 560 2080 632 2148; x_wconf 87' lang='lat' dir='ltr'><strong>loeo</strong></span> <span class='ocrx_word' id='word_1_122' title='bbox 654 2099 726 2146; x_wconf 89' lang='lat' dir='ltr'><strong>cum</strong></span> <span class='ocrx_word' id='word_1_123' title='bbox 749 2080 901 2166; x_wconf 85' lang='lat' dir='ltr'><strong>probetur</strong></span> <span class='ocrx_word' id='word_1_124' title='bbox 923 2087 1074 2164; x_wconf 85' lang='lat' dir='ltr'><strong>quattuor</strong></span> <span class='ocrx_word' id='word_1_125' title='bbox 1096 2082 1257 2149; x_wconf 88' lang='lat' dir='ltr'><strong>elementa</strong></span> <span class='ocrx_word' id='word_1_126' title='bbox 1271 2087 1463 2164; x_wconf 80' lang='lat' dir='ltr'><strong>consumpta</strong></span> 
     </span>
    </p>
   </div>
   <div class='ocr_carea' id='block_1_3' title="bbox 320 2182 1462 2476">
    <p class='ocr_par' dir='ltr' id='par_1_5' title="bbox 320 2182 1462 2476">
     <span class='ocr_line' id='line_1_18' title="bbox 322 2182 1460 2268; baseline -0.002 -19"><span class='ocrx_word' id='word_1_127' title='bbox 322 2183 464 2268; x_wconf 83' lang='lat' dir='ltr'><strong>regigni,</strong></span> <span class='ocrx_word' id='word_1_128' title='bbox 490 2182 597 2250; x_wconf 88' lang='lat' dir='ltr'><strong>verbis</strong></span> <span class='ocrx_word' id='word_1_129' title='bbox 619 2185 704 2267; x_wconf 77' lang='lat' dir='ltr'><strong>quod</strong></span> <span class='ocrx_word' id='word_1_130' title='bbox 722 2191 864 2267; x_wconf 70' lang='lat' dir='ltr'><strong>superest</strong></span> <span class='ocrx_word' id='word_1_131' title='bbox 894 2183 937 2250; x_wconf 89' lang='lat' dir='ltr'><strong>ad</strong></span> <span class='ocrx_word' id='word_1_132' title='bbox 966 2184 1086 2250; x_wconf 87' lang='lat' dir='ltr'><strong>umoris</strong></span> <span class='ocrx_word' id='word_1_133' title='bbox 1109 2183 1332 2250; x_wconf 84' lang='lat' dir='ltr'><strong>tractationem</strong></span> <span class='ocrx_word' id='word_1_134' title='bbox 1354 2189 1460 2248; x_wconf 86' lang='lat' dir='ltr'><strong>trans·</strong></span> 
     </span>
     <span class='ocr_line' id='line_1_19' title="bbox 320 2285 1462 2372; baseline 0 -20"><span class='ocrx_word' id='word_1_135' title='bbox 320 2289 399 2354; x_wconf 87' lang='lat' dir='ltr'><strong>itur:</strong></span> <span class='ocrx_word' id='word_1_136' title='bbox 425 2307 502 2371; x_wconf 87' lang='lat' dir='ltr'><strong>ergo</strong></span> <span class='ocrx_word' id='word_1_137' title='bbox 518 2285 601 2354; x_wconf 89' lang='lat' dir='ltr'><strong>hauc</strong></span> <span class='ocrx_word' id='word_1_138' title='bbox 616 2293 752 2372; x_wconf 84' lang='lat' dir='ltr'><strong>partem,</strong></span> <span class='ocrx_word' id='word_1_139' title='bbox 771 2287 799 2352; x_wconf 91' lang='lat' dir='ltr'><strong>si</strong></span> <span class='ocrx_word' id='word_1_140' title='bbox 814 2308 836 2354; x_wconf 89' lang='lat' dir='ltr'><strong>a</strong></span> <span class='ocrx_word' id='word_1_141' title='bbox 851 2295 948 2372; x_wconf 86' lang='lat' dir='ltr'><strong>poeta</strong></span> <span class='ocrx_word' id='word_1_142' title='bbox 961 2287 1098 2354; x_wconf 90' lang='lat' dir='ltr'><strong>oriunda</strong></span> <span class='ocrx_word' id='word_1_143' title='bbox 1113 2294 1209 2368; x_wconf 88' lang='lat' dir='ltr'><strong>esset,</strong></span> <span class='ocrx_word' id='word_1_144' title='bbox 1232 2295 1374 2354; x_wconf 85' lang='lat' dir='ltr'><strong>extremo</strong></span> <span class='ocrx_word' id='word_1_145' title='bbox 1388 2287 1462 2352; x_wconf 89' lang='lat' dir='ltr'><strong>loeo</strong></span> 
     </span>
     <span class='ocr_line' id='line_1_20' title="bbox 320 2389 1462 2476; baseline -0.002 -20"><span class='ocrx_word' id='word_1_146' title='bbox 320 2390 458 2476; x_wconf 86' lang='lat' dir='ltr'><strong>positam</strong></span> <span class='ocrx_word' id='word_1_147' title='bbox 474 2389 575 2456; x_wconf 86' lang='lat' dir='ltr'><strong>tuisse</strong></span> <span class='ocrx_word' id='word_1_148' title='bbox 597 2407 731 2456; x_wconf 86' lang='lat' dir='ltr'><strong>necesse</strong></span> <span class='ocrx_word' id='word_1_149' title='bbox 753 2396 812 2470; x_wconf 87' lang='lat' dir='ltr'><strong>est,</strong></span> <span class='ocrx_word' id='word_1_150' title='bbox 840 2389 886 2456; x_wconf 88' lang='lat' dir='ltr'><strong>ita</strong></span> <span class='ocrx_word' id='word_1_151' title='bbox 908 2396 943 2456; x_wconf 89' lang='lat' dir='ltr'><strong>ut</strong></span> <span class='ocrx_word' id='word_1_152' title='bbox 965 2396 1039 2474; x_wconf 88' lang='lat' dir='ltr'><strong>post</strong></span> <span class='ocrx_word' id='word_1_153' title='bbox 1058 2392 1119 2454; x_wconf 86' lang='lat'><strong>305</strong></span> <span class='ocrx_word' id='word_1_154' title='bbox 1137 2389 1326 2456; x_wconf 79' lang='lat' dir='ltr'><strong>collocanda</strong></span> <span class='ocrx_word' id='word_1_155' title='bbox 1348 2389 1399 2469; x_wconf 91' lang='lat' dir='ltr'><strong>sit,</strong></span> <span class='ocrx_word' id='word_1_156' title='bbox 1427 2389 1462 2454; x_wconf 92' lang='lat' dir='ltr'><strong>id</strong></span> 
     </span>
    </p>
   </div>
   <div class='ocr_carea' id='block_1_4' title="bbox 300 2492 1462 3814">
    <p class='ocr_par' dir='ltr' id='par_1_6' title="bbox 318 2492 1462 3180">
     <span class='ocr_line' id='line_1_21' title="bbox 319 2492 1457 2578; baseline -0.002 -18"><span class='ocrx_word' id='word_1_157' title='bbox 319 2493 406 2576; x_wconf 89' lang='lat' dir='ltr'><strong>quod</strong></span> <span class='ocrx_word' id='word_1_158' title='bbox 421 2493 569 2578; x_wconf 89' lang='lat' dir='ltr'><strong>proponit</strong></span> <span class='ocrx_word' id='word_1_159' title='bbox 585 2492 865 2577; x_wconf 87' lang='lat' dir='ltr'><strong>Stuereuburgius,</strong></span> <span class='ocrx_word' id='word_1_160' title='bbox 892 2493 920 2558; x_wconf 88' lang='lat' dir='ltr'><strong>si</strong></span> <span class='ocrx_word' id='word_1_161' title='bbox 943 2492 1036 2560; x_wconf 87' lang='lat' dir='ltr'><strong>modo</strong></span> <span class='ocrx_word' id='word_1_162' title='bbox 1053 2492 1153 2559; x_wconf 79' lang='lat' dir='ltr'><strong>verba</strong></span> <span class='ocrx_word' id='word_1_163' title='bbox 1168 2492 1237 2559; x_wconf 88' lang='lat' dir='ltr'><strong>eius</strong></span> <span class='ocrx_word' id='word_1_164' title='bbox 1252 2499 1338 2560; x_wconf 89' lang='lat' dir='ltr'><strong>recte</strong></span> <span class='ocrx_word' id='word_1_165' title='bbox 1354 2492 1457 2576; x_wconf 86' lang='lat' dir='ltr'><strong>cupio,</strong></span> 
     </span>
     <span class='ocr_line' id='line_1_22' title="bbox 320 2594 1461 2680; baseline -0.002 -18"><span class='ocrx_word' id='word_1_166' title='bbox 320 2616 392 2664; x_wconf 90' lang='lat' dir='ltr'><strong>eum</strong></span> <span class='ocrx_word' id='word_1_167' title='bbox 408 2595 521 2663; x_wconf 89' lang='lat' dir='ltr'><strong>editori</strong></span> <span class='ocrx_word' id='word_1_168' title='bbox 537 2594 654 2662; x_wconf 86' lang='lat' dir='ltr'><strong>falsam</strong></span> <span class='ocrx_word' id='word_1_169' title='bbox 670 2595 912 2663; x_wconf 87' lang='lat' dir='ltr'><strong>collocationem</strong></span> <span class='ocrx_word' id='word_1_170' title='bbox 927 2596 1042 2680; x_wconf 82' lang='lat' dir='ltr'><strong>culpae</strong></span> <span class='ocrx_word' id='word_1_171' title='bbox 1053 2602 1166 2662; x_wconf 87' lang='lat' dir='ltr'><strong>vertat.</strong></span> <span class='ocrx_word' id='word_1_172' title='bbox 1200 2595 1242 2663; x_wconf 81' lang='lat' dir='ltr'><strong>Et</strong></span> <span class='ocrx_word' id='word_1_173' title='bbox 1257 2595 1314 2661; x_wconf 92' lang='lat' dir='ltr'><strong>ille</strong></span> <span class='ocrx_word' id='word_1_174' title='bbox 1329 2594 1461 2678; x_wconf 91' lang='lat' dir='ltr'><strong>quidem</strong></span> 
     </span>
     <span class='ocr_line' id='line_1_23' title="bbox 319 2697 1459 2783; baseline -0.002 -17"><span class='ocrx_word' id='word_1_175' title='bbox 319 2707 406 2768; x_wconf 88' lang='lat' dir='ltr'><strong>reete</strong></span> <span class='ocrx_word' id='word_1_176' title='bbox 428 2699 508 2783; x_wconf 89' lang='lat' dir='ltr'><strong>ogit.</strong></span> <span class='ocrx_word' id='word_1_177' title='bbox 554 2697 677 2777; x_wconf 83' lang='lat' dir='ltr'><strong>Quodsi</strong></span> <span class='ocrx_word' id='word_1_178' title='bbox 699 2717 756 2765; x_wconf 91' lang='lat' dir='ltr'><strong>eos</strong></span> <span class='ocrx_word' id='word_1_179' title='bbox 778 2719 891 2766; x_wconf 88' lang='lat' dir='ltr'><strong>versus</strong></span> <span class='ocrx_word' id='word_1_180' title='bbox 915 2699 989 2766; x_wconf 87' lang='lat' dir='ltr'><strong>aliis</strong></span> <span class='ocrx_word' id='word_1_181' title='bbox 1012 2718 1138 2782; x_wconf 89' lang='lat' dir='ltr'><strong>qnoque</strong></span> <span class='ocrx_word' id='word_1_182' title='bbox 1166 2699 1263 2766; x_wconf 89' lang='lat' dir='ltr'><strong>rebus</strong></span> <span class='ocrx_word' id='word_1_183' title='bbox 1292 2705 1459 2783; x_wconf 89' lang='lat' dir='ltr'><strong>suspectos</strong></span> 
     </span>
     <span class='ocr_line' id='line_1_24' title="bbox 321 2802 1461 2887; baseline -0.003 -17"><span class='ocrx_word' id='word_1_184' title='bbox 321 2823 393 2870; x_wconf 87' lang='lat' dir='ltr'><strong>esse</strong></span> <span class='ocrx_word' id='word_1_185' title='bbox 416 2802 642 2882; x_wconf 83' lang='lat' dir='ltr'><strong>demonstravi,</strong></span> <span class='ocrx_word' id='word_1_186' title='bbox 668 2810 702 2870; x_wconf 92' lang='lat' dir='ltr'><strong>et</strong></span> <span class='ocrx_word' id='word_1_187' title='bbox 723 2811 893 2887; x_wconf 89' lang='lat' dir='ltr'><strong>praeterea</strong></span> <span class='ocrx_word' id='word_1_188' title='bbox 915 2821 1029 2870; x_wconf 89' lang='lat' dir='ltr'><strong>versus</strong></span> <span class='ocrx_word' id='word_1_189' title='bbox 1051 2803 1200 2868; x_wconf 74' lang='lat' dir='ltr'><strong>tta-80</strong></span> <span class='ocrx_word' id='word_1_190' title='bbox 1223 2822 1340 2886; x_wconf 85' lang='lat' dir='ltr'><strong>graves</strong></span> <span class='ocrx_word' id='word_1_191' title='bbox 1354 2803 1461 2868; x_wconf 82' lang='lat' dir='ltr'><strong>offen-</strong></span> 
     </span>
     <span class='ocr_line' id='line_1_25' title="bbox 319 2905 1462 2989; baseline -0.003 -16"><span class='ocrx_word' id='word_1_192' title='bbox 319 2907 428 2973; x_wconf 85' lang='lat' dir='ltr'><strong>siones</strong></span> <span class='ocrx_word' id='word_1_193' title='bbox 450 2905 607 2988; x_wconf 83' lang='lat' dir='ltr'><strong>excitant,</strong></span> <span class='ocrx_word' id='word_1_194' title='bbox 638 2925 721 2988; x_wconf 88' lang='lat' dir='ltr'><strong>quae</strong></span> <span class='ocrx_word' id='word_1_195' title='bbox 748 2925 851 2988; x_wconf 88' lang='lat' dir='ltr'><strong>neque</strong></span> <span class='ocrx_word' id='word_1_196' title='bbox 874 2905 1111 2989; x_wconf 85' lang='lat' dir='ltr'><strong>transponendo</strong></span> <span class='ocrx_word' id='word_1_197' title='bbox 1132 2924 1237 2988; x_wconf 87' lang='lat' dir='ltr'><strong>neque</strong></span> <span class='ocrx_word' id='word_1_198' title='bbox 1260 2905 1462 2989; x_wconf 85' lang='lat' dir='ltr'><strong>seiungendo</strong></span> 
     </span>
     <span class='ocr_line' id='line_1_26' title="bbox 319 3007 1462 3090; baseline -0.001 -14"><span class='ocrx_word' id='word_1_199' title='bbox 319 3032 340 3076; x_wconf 87' lang='lat' dir='ltr'><strong>a</strong></span> <span class='ocrx_word' id='word_1_200' title='bbox 366 3007 517 3075; x_wconf 89' lang='lat' dir='ltr'><strong>carminis</strong></span> <span class='ocrx_word' id='word_1_201' title='bbox 545 3009 754 3075; x_wconf 88' lang='lat' dir='ltr'><strong>continuitate</strong></span> <span class='ocrx_word' id='word_1_202' title='bbox 784 3009 954 3090; x_wconf 89' lang='lat' dir='ltr'><strong>tollantur,</strong></span> <span class='ocrx_word' id='word_1_203' title='bbox 986 3007 1116 3076; x_wconf 76' lang='lat' dir='ltr'><strong>fortiore</strong></span> <span class='ocrx_word' id='word_1_204' title='bbox 1149 3007 1192 3074; x_wconf 86' lang='lat' dir='ltr'><strong>ad</strong></span> <span class='ocrx_word' id='word_1_205' title='bbox 1221 3015 1343 3074; x_wconf 85' lang='lat' dir='ltr'><strong>textum</strong></span> <span class='ocrx_word' id='word_1_206' title='bbox 1373 3017 1462 3075; x_wconf 88' lang='lat' dir='ltr'><strong>recte</strong></span> 
     </span>
     <span class='ocr_line' id='line_1_27' title="bbox 318 3109 1011 3180; baseline -0.004 -1"><span class='ocrx_word' id='word_1_207' title='bbox 318 3109 578 3180; x_wconf 90' lang='lat' dir='ltr'><strong>constituendum</strong></span> <span class='ocrx_word' id='word_1_208' title='bbox 599 3111 742 3178; x_wconf 88' lang='lat' dir='ltr'><strong>remedio</strong></span> <span class='ocrx_word' id='word_1_209' title='bbox 765 3111 918 3178; x_wconf 90' lang='lat' dir='ltr'><strong>utendum</strong></span> <span class='ocrx_word' id='word_1_210' title='bbox 940 3111 1011 3177; x_wconf 89' lang='lat' dir='ltr'><strong>erit.</strong></span> 
     </span>
    </p>

    <p class='ocr_par' dir='ltr' id='par_1_7' title="bbox 300 3214 1462 3612">
     <span class='ocr_line' id='line_1_28' title="bbox 406 3214 1461 3308; baseline 0 -28"><span class='ocrx_word' id='word_1_211' title='bbox 406 3215 489 3281; x_wconf 84' lang='lat' dir='ltr'><strong>Nam</strong></span> <span class='ocrx_word' id='word_1_212' title='bbox 512 3215 597 3281; x_wconf 89' lang='lat' dir='ltr'><strong>aeris</strong></span> <span class='ocrx_word' id='word_1_213' title='bbox 614 3214 762 3308; x_wconf 76' lang='lat' dir='ltr'><strong>mactatio</strong></span> <span class='ocrx_word' id='word_1_214' title='bbox 777 3214 945 3280; x_wconf 89' lang='lat' dir='ltr'><strong>incohatur</strong></span> <span class='ocrx_word' id='word_1_215' title='bbox 960 3214 1126 3298; x_wconf 84' lang='lat' dir='ltr'><strong>particulis</strong></span> <span class='ocrx_word' id='word_1_216' title='bbox 1145 3235 1226 3278; x_wconf 79' lang='lat' dir='ltr'><strong>neae</strong></span> <span class='ocrx_word' id='word_1_217' title='bbox 1241 3214 1351 3298; x_wconf 70' lang='lat' dir='ltr'><strong>igitar,</strong></span> <span class='ocrx_word' id='word_1_218' title='bbox 1375 3233 1461 3297; x_wconf 86' lang='lat' dir='ltr'><strong>quae</strong></span> 
     </span>
     <span class='ocr_line' id='line_1_29' title="bbox 318 3317 1461 3386; baseline 0 -2"><span class='ocrx_word' id='word_1_219' title='bbox 318 3319 371 3386; x_wconf 93' lang='lat' dir='ltr'><strong>hic</strong></span> <span class='ocrx_word' id='word_1_220' title='bbox 394 3317 454 3386; x_wconf 87' lang='lat' dir='ltr'><strong>soli</strong></span> <span class='ocrx_word' id='word_1_221' title='bbox 479 3317 694 3385; x_wconf 91' lang='lat' dir='ltr'><strong>coniunctioni</strong></span> <span class='ocrx_word' id='word_1_222' title='bbox 716 3317 904 3384; x_wconf 85' lang='lat' dir='ltr'><strong>inserviunt.</strong></span> <span class='ocrx_word' id='word_1_223' title='bbox 953 3318 1075 3384; x_wconf 78' lang='lat' dir='ltr'><strong>Ceteris</strong></span> <span class='ocrx_word' id='word_1_224' title='bbox 1105 3324 1213 3384; x_wconf 87' lang='lat' dir='ltr'><strong>autem</strong></span> <span class='ocrx_word' id='word_1_225' title='bbox 1235 3317 1315 3383; x_wconf 88' lang='lat' dir='ltr'><strong>locis</strong></span> <span class='ocrx_word' id='word_1_226' title='bbox 1338 3319 1461 3384; x_wconf 87' lang='lat' dir='ltr'><strong>Lucre-</strong></span> 
     </span>
     <span class='ocr_line' id='line_1_30' title="bbox 317 3419 1462 3506; baseline -0.005 -16"><span class='ocrx_word' id='word_1_227' title='bbox 317 3423 417 3490; x_wconf 89' lang='lat' dir='ltr'><strong>tianis</strong></span> <span class='ocrx_word' id='word_1_228' title='bbox 438 3443 520 3486; x_wconf 80' lang='lat' dir='ltr'><strong>auae</strong></span> <span class='ocrx_word' id='word_1_229' title='bbox 542 3420 641 3506; x_wconf 68' lang='lat' dir='ltr'><strong>igitar</strong></span> <span class='ocrx_word' id='word_1_230' title='bbox 661 3419 779 3488; x_wconf 90' lang='lat' dir='ltr'><strong>locutio</strong></span> <span class='ocrx_word' id='word_1_231' title='bbox 807 3419 944 3487; x_wconf 89' lang='lat' dir='ltr'><strong>eandem</strong></span> <span class='ocrx_word' id='word_1_232' title='bbox 965 3420 1127 3486; x_wconf 90' lang='lat' dir='ltr'><strong>notionem</strong></span> <span class='ocrx_word' id='word_1_233' title='bbox 1149 3419 1261 3497; x_wconf 82' lang='lat' dir='ltr'><strong>habet,</strong></span> <span class='ocrx_word' id='word_1_234' title='bbox 1286 3440 1382 3503; x_wconf 84' lang='lat' dir='ltr'><strong>quem</strong></span> <span class='ocrx_word' id='word_1_235' title='bbox 1405 3431 1462 3486; x_wconf 84' lang='lat' dir='ltr'><strong>at-</strong></span> 
     </span>
     <span class='ocr_line' id='line_1_31' title="bbox 300 3523 1185 3612; baseline -0.008 -18"><span class='ocrx_word' id='word_1_236' title='bbox 300 3527 393 3612; x_wconf 77' lang='lat' dir='ltr'><strong>‚qui3</strong></span> <span class='ocrx_word' id='word_1_237' title='bbox 418 3525 545 3610; x_wconf 89' lang='lat' dir='ltr'><strong>ponitur</strong></span> <span class='ocrx_word' id='word_1_238' title='bbox 567 3524 666 3608; x_wconf 87' lang='lat' dir='ltr'><strong>igitur</strong></span> <span class='ocrx_word' id='word_1_239' title='bbox 688 3523 721 3590; x_wconf 90' lang='lat' dir='ltr'><strong>iu</strong></span> <span class='ocrx_word' id='word_1_240' title='bbox 744 3524 964 3608; x_wconf 86' lang='lat' dir='ltr'><strong>assumptione</strong></span> <span class='ocrx_word' id='word_1_241' title='bbox 987 3523 1185 3608; x_wconf 82' lang='lat' dir='ltr'><strong>syllogismi:</strong></span> 
     </span>
    </p>

    <p class='ocr_par' dir='ltr' id='par_1_8' title="bbox 362 3626 1405 3814">
     <span class='ocr_line' id='line_1_32' title="bbox 362 3626 1313 3712; baseline -0.002 -18"><span class='ocrx_word' id='word_1_242' title='bbox 362 3629 418 3710; x_wconf 90' lang='lat' dir='ltr'><strong>IV,</strong></span> <span class='ocrx_word' id='word_1_243' title='bbox 445 3631 508 3694; x_wconf 78' lang='lat'><strong>230</strong></span> <span class='ocrx_word' id='word_1_244' title='bbox 525 3635 695 3711; x_wconf 80' lang='lat' dir='ltr'><strong>practerea</strong></span> <span class='ocrx_word' id='word_1_245' title='bbox 717 3627 865 3712; x_wconf 77' lang='lat' dir='ltr'><strong>quonlam</strong></span> <span class='ocrx_word' id='word_1_246' title='bbox 886 3627 1029 3692; x_wconf 73' lang='lat' dir='ltr'><strong>manibus</strong></span> <span class='ocrx_word' id='word_1_247' title='bbox 1052 3626 1313 3711; x_wconf 74' lang='lat' dir='ltr'><strong>traototofipura</strong></span> 
     </span>
     <span class='ocr_line' id='line_1_33' title="bbox 532 3729 1405 3814; baseline -0.003 -20"><span class='ocrx_word' id='word_1_248' title='bbox 532 3730 566 3794; x_wconf 80' lang='lat' dir='ltr'><strong>s&#39;a</strong></span> <span class='ocrx_word' id='word_1_249' title='bbox 583 3729 717 3794; x_wconf 68' lang='lat' dir='ltr'><strong>meone</strong></span> <span class='ocrx_word' id='word_1_250' title='bbox 733 3729 887 3814; x_wconf 81' lang='lat' dir='ltr'><strong>quaedum</strong></span> <span class='ocrx_word' id='word_1_251' title='bbox 902 3729 1098 3813; x_wconf 69' lang='lat' dir='ltr'><strong>cognose-itur</strong></span> <span class='ocrx_word' id='word_1_252' title='bbox 1113 3749 1178 3792; x_wconf 80' lang='lat' dir='ltr'><strong>oeae</strong></span> <span class='ocrx_word' id='word_1_253' title='bbox 1193 3729 1301 3792; x_wconf 78' lang='lat' dir='ltr'><strong>eudem</strong></span> <span class='ocrx_word' id='word_1_254' title='bbox 1323 3750 1405 3811; x_wconf 78' lang='lat' dir='ltr'><strong>quoe</strong></span> 
     </span>
    </p>
   </div>
   <div class='ocr_carea' id='block_1_5' title="bbox 314 3913 1464 4334">
    <p class='ocr_par' dir='ltr' id='par_1_9' title="bbox 314 3913 1464 4334">
     <span class='ocr_line' id='line_1_34' title="bbox 390 3913 1462 3985; baseline -0.005 -12"><span class='ocrx_word' id='word_1_255' title='bbox 390 3921 405 3984; x_wconf 80' lang='lat'><strong>¹)</strong></span> <span class='ocrx_word' id='word_1_256' title='bbox 427 3917 580 3973; x_wconf 85' lang='lat' dir='ltr'><strong>Vahleuius</strong></span> <span class='ocrx_word' id='word_1_257' title='bbox 601 3915 779 3983; x_wconf 76' lang='lat' dir='ltr'><strong>(Monatsber.</strong></span> <span class='ocrx_word' id='word_1_258' title='bbox 800 3916 828 3970; x_wconf 91' lang='lat' dir='ltr'><strong>d.</strong></span> <span class='ocrx_word' id='word_1_259' title='bbox 843 3915 918 3970; x_wconf 86' lang='lat' dir='ltr'><strong>Berl.</strong></span> <span class='ocrx_word' id='word_1_260' title='bbox 931 3913 1021 3970; x_wconf 88' lang='lat' dir='ltr'><strong>Acad.</strong></span> <span class='ocrx_word' id='word_1_261' title='bbox 1042 3913 1115 3985; x_wconf 85' lang='lat' dir='ltr'><strong>Aug.</strong></span> <span class='ocrx_word' id='word_1_262' title='bbox 1133 3915 1207 3979; x_wconf 76' lang='lat'>1877)</span> <span class='ocrx_word' id='word_1_263' title='bbox 1228 3930 1291 3972; x_wconf 90' lang='lat' dir='ltr'><strong>eum</strong></span> <span class='ocrx_word' id='word_1_264' title='bbox 1310 3915 1462 3984; x_wconf 89' lang='lat' dir='ltr'><strong>impugna-</strong></span> 
     </span>
     <span class='ocr_line' id='line_1_35' title="bbox 318 3999 1462 4074; baseline -0.004 -13"><span class='ocrx_word' id='word_1_265' title='bbox 318 4006 362 4062; x_wconf 87' lang='lat' dir='ltr'><strong>vit</strong></span> <span class='ocrx_word' id='word_1_266' title='bbox 385 4006 462 4060; x_wconf 90' lang='lat' dir='ltr'><strong>uullo</strong></span> <span class='ocrx_word' id='word_1_267' title='bbox 486 4009 651 4074; x_wconf 87' lang='lat' dir='ltr'><strong>argumento</strong></span> <span class='ocrx_word' id='word_1_268' title='bbox 670 4003 775 4059; x_wconf 83' lang='lat' dir='ltr'><strong>adlato.</strong></span> <span class='ocrx_word' id='word_1_269' title='bbox 814 4003 884 4057; x_wconf 87' lang='lat' dir='ltr'><strong>Nam</strong></span> <span class='ocrx_word' id='word_1_270' title='bbox 910 4003 985 4072; x_wconf 88' lang='lat' dir='ltr'><strong>quod</strong></span> <span class='ocrx_word' id='word_1_271' title='bbox 1009 4003 1081 4058; x_wconf 82' lang='lat' dir='ltr'><strong>dixit</strong></span> <span class='ocrx_word' id='word_1_272' title='bbox 1104 4018 1159 4056; x_wconf 94' lang='lat' dir='ltr'><strong>non</strong></span> <span class='ocrx_word' id='word_1_273' title='bbox 1177 4002 1270 4057; x_wconf 90' lang='lat' dir='ltr'><strong>omnia</strong></span> <span class='ocrx_word' id='word_1_274' title='bbox 1288 4019 1305 4055; x_wconf 85' lang='lat' dir='ltr'><strong>a</strong></span> <span class='ocrx_word' id='word_1_275' title='bbox 1324 3999 1462 4057; x_wconf 87' lang='lat' dir='ltr'><strong>Stuereu-</strong></span> 
     </span>
     <span class='ocr_line' id='line_1_36' title="bbox 317 4086 1462 4161; baseline -0.003 -14"><span class='ocrx_word' id='word_1_276' title='bbox 317 4093 417 4161; x_wconf 85' lang='lat' dir='ltr'><strong>burglo</strong></span> <span class='ocrx_word' id='word_1_277' title='bbox 435 4092 552 4146; x_wconf 86' lang='lat' dir='ltr'><strong>collecta</strong></span> <span class='ocrx_word' id='word_1_278' title='bbox 570 4105 631 4145; x_wconf 86' lang='lat' dir='ltr'><strong>esse</strong></span> <span class='ocrx_word' id='word_1_279' title='bbox 649 4089 785 4160; x_wconf 85' lang='lat' dir='ltr'><strong>exempla,</strong></span> <span class='ocrx_word' id='word_1_280' title='bbox 806 4091 855 4143; x_wconf 83' lang='lat' dir='ltr'><strong>vix</strong></span> <span class='ocrx_word' id='word_1_281' title='bbox 870 4089 1018 4158; x_wconf 85' lang='lat' dir='ltr'><strong>quicquam</strong></span> <span class='ocrx_word' id='word_1_282' title='bbox 1037 4091 1122 4144; x_wconf 85' lang='lat' dir='ltr'><strong>valet.</strong></span> <span class='ocrx_word' id='word_1_283' title='bbox 1155 4087 1234 4143; x_wconf 88' lang='lat' dir='ltr'><strong>Unus</strong></span> <span class='ocrx_word' id='word_1_284' title='bbox 1250 4103 1317 4143; x_wconf 87' lang='lat' dir='ltr'><strong>sane</strong></span> <span class='ocrx_word' id='word_1_285' title='bbox 1330 4089 1409 4143; x_wconf 87' lang='lat' dir='ltr'><strong>locus</strong></span> <span class='ocrx_word' id='word_1_286' title='bbox 1423 4086 1462 4144; x_wconf 87' lang='lat' dir='ltr'><strong>ab</strong></span> 
     </span>
     <span class='ocr_line' id='line_1_37' title="bbox 315 4173 1464 4246; baseline -0.004 -13"><span class='ocrx_word' id='word_1_287' title='bbox 315 4193 351 4233; x_wconf 86' lang='lat' dir='ltr'><strong>eo</strong></span> <span class='ocrx_word' id='word_1_288' title='bbox 364 4179 576 4246; x_wconf 89' lang='lat' dir='ltr'><strong>praetermissus</strong></span> <span class='ocrx_word' id='word_1_289' title='bbox 588 4184 647 4232; x_wconf 86' lang='lat' dir='ltr'><strong>est:</strong></span> <span class='ocrx_word' id='word_1_290' title='bbox 668 4177 717 4240; x_wconf 87' lang='lat' dir='ltr'><strong>IV,</strong></span> <span class='ocrx_word' id='word_1_291' title='bbox 733 4179 791 4242; x_wconf 72' lang='lat' dir='ltr'><strong>ibt,</strong></span> <span class='ocrx_word' id='word_1_292' title='bbox 812 4177 858 4246; x_wconf 89' lang='lat' dir='ltr'><strong>qui</strong></span> <span class='ocrx_word' id='word_1_293' title='bbox 878 4183 971 4230; x_wconf 85' lang='lat' dir='ltr'><strong>tamen</strong></span> <span class='ocrx_word' id='word_1_294' title='bbox 990 4175 1029 4240; x_wconf 88' lang='lat' dir='ltr'><strong>id,</strong></span> <span class='ocrx_word' id='word_1_295' title='bbox 1049 4177 1124 4245; x_wconf 84' lang='lat' dir='ltr'><strong>qrrod</strong></span> <span class='ocrx_word' id='word_1_296' title='bbox 1143 4175 1191 4230; x_wconf 90' lang='lat' dir='ltr'><strong>ille</strong></span> <span class='ocrx_word' id='word_1_297' title='bbox 1206 4175 1241 4230; x_wconf 90' lang='lat' dir='ltr'><strong>de</strong></span> <span class='ocrx_word' id='word_1_298' title='bbox 1255 4173 1374 4230; x_wconf 81' lang='lat' dir='ltr'><strong>termula</strong></span> <span class='ocrx_word' id='word_1_299' title='bbox 1386 4178 1464 4245; x_wconf 79' lang='lat' dir='ltr'><strong>qaod</strong></span> 
     </span>
     <span class='ocr_line' id='line_1_38' title="bbox 314 4262 828 4334; baseline -0.004 -16"><span class='ocrx_word' id='word_1_300' title='bbox 314 4269 436 4334; x_wconf 63' lang='lat' dir='ltr'><strong>saepserat</strong></span> <span class='ocrx_word' id='word_1_301' title='bbox 453 4264 654 4334; x_wconf 84' lang='lat' dir='ltr'><strong>pronuntiavit,</strong></span> <span class='ocrx_word' id='word_1_302' title='bbox 675 4262 828 4319; x_wconf 86' lang='lat' dir='ltr'><strong>coufirmat.</strong></span> 
     </span>
    </p>
   </div>
   <div class='ocr_carea' id='block_1_6' title="bbox 0 0 1636 4926">
    <p class='ocr_par' dir='ltr' id='par_1_10' title="bbox 0 0 1636 4926">
     <span class='ocr_line' id='line_1_39' title="bbox 0 0 1636 4926; baseline 0 4"><span class='ocrx_word' id='word_1_303' title='bbox 0 0 1636 4926; x_wconf 95' lang='lat' dir='ltr'><strong> </strong></span> 
     </span>
    </p>
   </div>
  </div>
 </body>
</html>
