3280 4934
605 407 645 416 -
693 367 790 453 [135]
837 409 878 418 —
1270 373 1312 438 39

169 573 415 651 quasiquertum
421 567 447 652 ¹)
467 566 550 632 diem
565 564 679 631 mensis
695 565 814 648 Aprilis
828 570 936 631 secuto
950 573 1007 644 est,
1021 566 1139 632 factum
1154 589 1221 632 esse
1239 589 1312 633 cen-

136 722 140 732 .
168 673 241 738 suit.
269 674 423 751 Quocum
437 673 489 737 die
503 673 620 757 optime
635 679 819 758 congruunt,
834 694 915 757 quae
929 674 1049 740 tradite
1067 679 1141 739 sunt
1157 674 1198 750 II,
1211 676 1249 738 19
1265 672 1313 758 (ol

169 775 442 865 Λακεδαιμόνιοι)
460 771 543 864 μετὰ
561 771 603 844 τὰ
622 777 658 844 ἐν
677 779 828 868 litorales
847 775 1011 865 γενόμενα
1029 773 1133 869 ἡμέρᾳ
1151 772 1312 866 ὀγδοηκο-

169 893 230 970 στῇ
252 881 394 972 μάλιστα
417 893 480 951 τοῦ
502 885 627 971 θέρους
649 888 707 952 καὶ
724 894 787 952 τοῦ
807 888 901 954 σίτου
921 879 1130 973 ἀκμάζοντος
1153 886 1312 968 ἐσέβαλον

169 993 202 1072 ἐς
219 985 281 1081 τὴν
306 985 461 1080 Ἀττικήν.
499 992 580 1059 Nem
599 995 770 1059 secundum
788 993 982 1060 Boeclrhium
1002 995 1045 1079 (p.
1062 996 1118 1080 78)
1138 995 1189 1060 dio
1204 995 1312 1060 XXIII

168 1100 291 1186 (XVIII
318 1123 356 1166 ex
385 1100 581 1184 Gregoriena
603 1107 787 1184 temporum
805 1102 942 1188 ratione)
965 1103 1081 1168 mensis
1103 1102 1186 1166 Iunii
1215 1101 1312 1167 Laoc·

167 1209 324 1273 daemonii
356 1209 493 1292 primum
524 1210 556 1273 in
588 1208 727 1274 Atticam
760 1209 955 1288 invaserunt,
989 1231 1052 1294 quo
1085 1209 1209 1295 quidem
1243 1210 1311 1292 ipso

167 1321 309 1400 tempore
331 1315 437 1382 medie
458 1321 562 1382 aestas
585 1321 634 1382 est
656 1314 839 1399 fructusque
862 1318 980 1384 demeti
1002 1323 1035 1383 ct
1057 1316 1176 1401 percipi
1199 1317 1310 1382 solent.

255 1421 338 1488 Huic
364 1429 469 1488 eutem
496 1423 676 1489 testimonio
699 1423 834 1488 maxime
861 1423 1021 1489 contrcrie
1048 1425 1203 1500 videntur,
1230 1445 1311 1509 quae

167 1535 314 1614 leguntur
336 1530 374 1608 V,
399 1531 438 1596 19
463 1537 495 1596 et
518 1531 569 1596 20.
615 1530 729 1596 Pacem
757 1531 840 1596 enim
867 1553 950 1614 quoe
973 1536 1102 1598 vocetur
1124 1531 1233 1596 Niciae
1256 1530 1311 1596 ubi

167 1639 374 1724 comperimus
397 1638 575 1704 conclusam
603 1659 670 1702 esse
698 1637 750 1702 die
773 1637 878 1704 XXVI
906 1641 1021 1705 mensis
1044 1636 1311 1722 Elaphebolionis‚

167 1748 207 1813 de
235 1747 345 1812 eadem
372 1768 396 1812 c.
421 1746 464 1810 20
491 1746 624 1830 legimus
653 1733 751 1809 αὗται
779 1741 813 1809 ol
840 1747 985 1812 σπονδαὶ
1017 1745 1180 1832 ἐγένοντο·
1201 1749 1311 1810 τελευ-

167 1860 296 1931 τῶντος
326 1859 389 1919 τοῦ
418 1858 580 1937 χειμῶνος
612 1842 679 1936 ἅμα
711 1839 765 1938 ἦρι
913 1844 1080 1918 αὖτόδτκο
1112 1851 1199 1917 ἐτῶν
1227 1853 1309 1917 διελ-

168 1957 307 2027 θόντων
330 1961 387 2026 καὶ
408 1951 541 2047 ἡμερῶν
571 1951 695 2044 ὀλίγων
721 1967 1003 2044 παρεντγκουοῶν
1025 1952 1046 2046 ἢ
1070 1951 1115 2036 ὡς
1139 1951 1183 2024 τὸ
1206 1967 1310 2044 προῦ-

167 2061 280 2153 τοοὴ
308 2060 448 2153 ἐσβολὴ
472 2059 492 2153 ἡ
520 2065 556 2144 ἐς
584 2059 653 2153 τὴν
681 2058 857 2153 Ἀττικὴν
884 2056 991 2152 καὶὴ
1020 2057 1114 2151 ἀρχὴ
1141 2074 1213 2132 τοῦ
1236 2090 1309 2132 τιο-

167 2174 285 2259 λέμου
317 2173 433 2239 τοῦδε
463 2167 630 2258 ἐγένετο.
682 2173 803 2250 Quibus
831 2194 870 2236 ex
897 2171 1001 2238 verbis
1029 2173 1207 2257 Droyscnus
1236 2195 1309 2240 oon-

167 2281 293 2348 cludere
315 2281 392 2357 vult,
414 2279 475 2344 hoc
498 2281 626 2363 quidem
647 2279 716 2344 loco
740 2279 949 2362 irruptionem
972 2279 1060 2343 illam
1082 2281 1217 2362 primam
1236 2287 1310 2345 onte

167 2387 271 2454 XXVI
296 2387 378 2454 diem
404 2385 661 2470 Elaphebolionis
684 2384 801 2451 factam
825 2407 906 2463 esse,
933 2385 1049 2450 bellum
1072 2393 1179 2450 eutem
1206 2388 1309 2470 ipsum

167 2519 187 2562 a
218 2497 320 2581 prime
333 2533 338 2542 ·
352 2495 527 2578 irruptione
564 2495 716 2578 incepisse
749 2492 820 2559 dici.
879 2492 990 2576 Itaque
1027 2493 1211 2577 scriptorem
1247 2493 1309 2559 sibi

167 2604 268 2687 ipsum
291 2606 400 2686 aperte
423 2602 597 2676 adversari,
620 2622 691 2666 cum
713 2601 820 2684 priore
843 2601 912 2666 loco
934 2607 997 2665 τοῦ
1020 2593 1146 2685 θέρους
1168 2601 1224 2665 καὶ
1247 2609 1310 2666 τοῦ

169 2711 262 2776 οἱτου
286 2699 503 2792 ἀκμάζοντος,
525 2706 700 2790 posteriore
723 2711 797 2772 ente
816 2707 921 2772 XXVI
940 2707 1024 2773 diem
1042 2705 1309 2791 Elaphebolionis,

168 2817 221 2900 qui
244 2817 311 2882 dies
334 2814 493 2882 Boeclrhio
516 2818 644 2884 auctore
667 2813 711 2900 (p.
733 2813 790 2901 80)
814 2815 881 2880 dies
904 2813 949 2880 XI
972 2815 1087 2880 mensis
1111 2813 1229 2898 Aprilis
1252 2822 1309 2892 est,

167 2924 302 3007 primum
320 2921 560 2988 Lacedaemonii
579 2919 718 2987 Atticam
741 2921 891 2988 invasisse
914 2922 1068 2988 dicantur.
1105 2921 1185 2988 Item
1208 2923 1309 2988 altero

165 3030 247 3098 libro
278 3030 397 3096 bellum
424 3030 562 3113 incipero
589 3028 654 3092 dici
680 3050 700 3094 a
722 3028 861 3094 Plataeis
888 3030 1061 3113 occupetis,
1088 3028 1199 3112 quinto
1227 3028 1309 3094 libro

165 3161 186 3204 e
207 3138 310 3224 prime
332 3137 653 3204 Lacedaemoniorum
675 3134 845 3202 invasione.

255 3244 322 3309 Iam
335 3265 482 3310 conemur
491 3243 712 3320 differentiam,
725 3264 819 3328 quern
829 3243 1023 3328 Thucydidis
1038 3241 1135 3308 verbe
1148 3244 1310 3310 continere

165 3352 322 3428 videntur,
344 3372 497 3416 emovere.
543 3352 613 3430 Qua
636 3351 669 3415 in
691 3372 727 3417 re
750 3351 887 3435 primum
905 3353 1033 3434 quidem
1051 3350 1194 3416 funditus
1217 3373 1309 3435 repu-

166 3459 301 3526 diandus
324 3463 372 3524 est
390 3457 547 3546 Ungerm)
566 3464 705 3538 conatus,
728 3460 784 3542 qui
803 3481 873 3524 cum
892 3459 953 3524 sibi
976 3459 1176 3542 persuaserit,
1199 3460 1309 3542 quinto

165 3565 247 3632 libro
266 3564 482 3650 Thucydidem
501 3567 644 3632 consulto
662 3565 739 3631 belli
758 3567 884 3630 initium
903 3570 1046 3649 repetere
1065 3565 1105 3630 cb
1125 3567 1310 3648 irruptione,

165 3673 247 3738 Irene
273 3672 481 3755 irruptionem
504 3695 541 3739 eo
565 3673 616 3739 die
640 3673 756 3738 facem
778 3694 845 3738 esse
869 3674 1075 3754 statuitque
1099 3672 1309 3738 Laccdaemo-

164 3780 210 3844 nii
230 3780 368 3844 Oeuoem
387 3781 523 3864 primum
542 3780 693 3856 venerint,
712 3780 926 3863 quadraginta
943 3779 1018 3856 fere,
1036 3785 1072 3843 ut
1095 3780 1156 3862 ipsi
1174 3780 1309 3856 ridetur,

165 3885 279 3950 diebus
305 3893 377 3969 post
403 3887 549 3972 Plataeas
577 3904 750 3969 oppressas.
801 3885 858 3951 Cui
886 3887 1062 3952 sententiae
1089 3887 1158 3970 ipso
1185 3885 1308 3970 Thucy-

165 3993 249 4057 didis
272 3992 369 4058 verba
390 4001 581 4080 repugnent,
608 4013 672 4057 non
699 3993 800 4056 solum
823 4015 904 4076 quae
932 3994 1081 4077 leguntur
1104 3993 1145 4071 II,
1171 3995 1221 4069 18,
1248 3997 1263 4058 1
1290 3984 1308 4059 ὃ

167 4099 202 4164 di
227 4092 368 4185 στρατὸς
385 4107 456 4166 cmv
475 4100 761 4186 Πελοποννησίων
778 4090 910 4185 προϊών
929 4091 1069 4182 ἄφίκετο
1088 4107 1145 4187 τῆς
1165 4092 1310 4185 Ἀττικῆς

169 4219 380 4228 ——.-—---.-..

258 4262 278 4328 ¹)
297 4261 450 4316 Secundum
473 4259 497 4315 ei
520 4259 630 4330 ngcro
655 4258 791 4314 credimus
811 4258 1056 4328 Sitroopebert'ehte
1075 4259 1123 4313 der
1146 4260 1169 4316 t.
1190 4260 1213 4314 b.
1234 4257 1308 4313 Alco·

167 4349 254 4406 demic
273 4349 342 4404 1875
361 4349 387 4404 lI
406 4367 433 4418 p.
454 4350 494 4404 10.

255 4435 276 4504 ²)
294 4436 388 4506 Unger
406 4437 424 4494 l.
444 4453 467 4494 c.
486 4439 498 4492 1
518 4455 544 4506 p.
559 4437 594 4493 39
613 4453 653 4505 sq.
