3304 4928
330 443 350 506 s
763 485 803 493 -
851 443 947 528 [aaa]
995 483 1033 492 -

417 638 662 724 Discrepantias,
681 663 759 725 quas
778 663 816 706 ex
834 640 936 706 titulis
954 640 1213 706 Wilmarrrrsianis
1232 643 1380 724 congessi,
1399 663 1471 705 cum

330 747 377 822 iis,
401 769 481 831 quae
504 747 545 812 ab
568 748 639 812 aliis
664 749 739 813 viris
767 749 868 814 doctis
896 771 933 812 ex
957 748 1028 814 aliis
1052 748 1307 832 inscriptionibus
1331 754 1363 814 ct
1385 753 1470 812 veto-

329 853 417 918 ribus
439 854 530 920 libris
553 855 773 940 manuscriptis
785 858 809 941 ¹)
830 857 869 921 de
888 855 1115 940 orthographia
1134 855 1265 920 collatae
1284 861 1364 930 sunt,
1387 877 1470 920 corn·

329 962 446 1045 paravi.
492 961 529 1025 ld
551 983 638 1040 vero,
665 965 749 1048 quod
773 985 810 1028 ex
833 986 871 1028 ea
894 965 1022 1046 quidem
1047 985 1141 1048 quarn
1164 969 1377 1047 perscrutatus
1402 984 1470 1028 sum

329 1068 462 1132 materia
484 1069 612 1152 profeci,
635 1068 896 1135 Studemundium
921 1071 941 1136 l.
964 1071 983 1135 l.
1006 1077 1091 1136 recte
1109 1070 1243 1136 suasisse
1261 1070 1469 1146 demonstrat3

329 1195 366 1238 ac
397 1175 525 1239 tandem
558 1177 741 1262 aliquando,
773 1183 925 1260 quantum
953 1179 1080 1263 quidem
1107 1179 1146 1242 ad
1176 1177 1338 1242 formalem
1365 1197 1469 1260 gram·

329 1280 462 1347 maticae
493 1289 617 1365 partem
644 1286 772 1360 attinet,
804 1284 862 1348 viri
896 1285 1055 1367 ceteroqui
1087 1285 1205 1368 optime
1233 1285 1273 1348 de
1299 1283 1471 1368 philologia

329 1390 434 1453 meriti
457 1396 578 1455 veteres
601 1392 821 1474 grammaticos
844 1393 943 1456 secuti
967 1393 1007 1457 de
1029 1392 1166 1476 propriis
1184 1390 1376 1475 singularum
1395 1411 1471 1472 pro·

307 1495 500 1560 .vinciarum
524 1498 639 1586 linguis
662 1499 843 1582 vulgaribus
867 1500 972 1565 dicere
991 1498 1150 1564 desinenti
1173 1498 1271 1582 Spero
1290 1499 1372 1562 enim
1396 1497 1472 1572 lore,

329 1607 366 1665 ut
393 1603 625 1681 adnotationes,
653 1627 731 1688 quas
758 1607 790 1670 in
818 1606 921 1689 prima
948 1606 1040 1673 huius
1067 1605 1166 1671 libelli
1194 1611 1284 1689 parte
1312 1603 1472 1670 contextui

330 1710 443 1775 indicis
476 1711 607 1789 subieci,
640 1714 672 1778 in
699 1714 803 1778 titulis
830 1721 1005 1779 ceterorum
1033 1713 1179 1796 Corporis
1202 1713 1392 1778 voluminum
1415 1733 1473 1776 nec

329 1838 393 1881 non
415 1818 449 1880 in
472 1817 630 1884 veteribus
653 1819 743 1885 libris
766 1822 987 1904 manuscriptis
1006 1821 1133 1886 easdem
1150 1827 1247 1904 atque
1264 1819 1296 1884 in
1317 1819 1473 1884 Africanis

330 1923 432 1988 titulis
455 1925 682 2008 discrepantias
711 1927 844 1991 inveniri
872 1929 920 1992 vel
949 1928 1059 1993 eodem
1087 1927 1134 1991 vel
1157 1929 1252 2011 paulo
1274 1929 1391 1992 maiore
1414 1927 1473 1990 mi-

329 2051 444 2095 noreve
467 2052 597 2097 numero
619 2035 842 2116 persuadeant;
866 2035 1036 2117 exquibus
1055 2035 1198 2118 sequitur
1216 2034 1255 2099 iis
1273 2034 1413 2110 saeculis,
1431 2033 1473 2097 nd

330 2159 411 2220 quae
434 2139 655 2224 inscriptiones
677 2141 810 2206 Latinae
837 2143 1031 2225 pertineant,
1059 2163 1138 2226 qnae
1160 2143 1193 2204 in
1218 2141 1337 2224 Corpus
1361 2141 1473 2205 acade-

330 2245 411 2310 miae
446 2245 659 2313 Berolinensis
694 2250 792 2332 recipi
829 2249 943 2326 solent,
979 2249 1013 2312 id
1047 2255 1094 2314 est
1126 2249 1258 2312 saeculis
1285 2270 1314 2331 p.
1342 2246 1414 2312 Chr.
1443 2269 1472 2311 n.

329 2373 428 2435 usque
451 2355 492 2418 ad
515 2361 638 2420 sextum
666 2357 885 2439 septimumve,
913 2357 1052 2422 nondum
1080 2355 1272 2439 singularum
1297 2355 1474 2437 linguarum

330 2461 561 2526 romanicarum
583 2461 788 2528 fundamenta
811 2464 895 2529 iacta
917 2485 992 2528 esse.

419 2567 501 2645 Quid
525 2569 608 2633 enim
630 2577 741 2635 contra
764 2572 906 2653 ingentes
929 2570 1093 2652 analogiae
1110 2567 1189 2634 fines
1208 2589 1382 2654 perpaucae
1400 2569 1474 2633 illae

329 2675 455 2758 linguae
481 2677 691 2759 proprietates
718 2679 832 2754 valent,
860 2699 937 2761 quas
964 2699 1013 2742 me
1041 2675 1117 2741 alibi
1145 2675 1264 2742 frustra
1286 2676 1474 2762 quaesivisse

329 2783 488 2859 adnotavi,
511 2804 582 2847 cum
604 2785 799 2868 praesertim,
822 2785 849 2848 si
872 2805 953 2868 quae
976 2791 1144 2849 occurrunt
1167 2783 1278 2868 (veluti
1303 2803 1340 2848 aa
1361 2804 1420 2866 pro
1443 2803 1475 2864 rs,

330 2894 442 2953 cante
464 2911 483 2952 r
509 2911 568 2974 pro
596 2895 621 2966 t;
648 2911 674 2956 v.
697 2911 768 2974 pag.
793 2891 849 2968 27,
876 2881 948 2974 52)’,
976 2911 1031 2955 eae
1059 2891 1224 2975 perpaucis
1252 2890 1402 2973 exemplis
1425 2890 1474 2953 in-

330 2995 517 3059 veniantur?
567 2996 659 3062 Illam
691 3019 786 3062 unam
819 2999 924 3063 nescio
956 3019 996 3063 an
1030 2997 1156 3062 Africae
1187 2999 1346 3062 vindicare
1378 2997 1476 3061 liceat

330 3103 566 3186 proprietatem,
589 3105 674 3188 quod
697 3105 742 3170 vis
762 3099 945 3176 assibilandi
964 3107 977 3169 r·
995 3105 1189 3170 semivocalis
1208 3106 1239 3168 in
1260 3103 1366 3168 Africa
1384 3105 1475 3186 prius

330 3209 413 3274 valet
437 3231 531 3292 quarn
554 3209 633 3275 alibi
656 3211 707 3297 (cf.
728 3213 834 3277 adnot.
858 3213 899 3277 ad
923 3215 943 3292 ξ
967 3213 986 3276 8
1011 3211 1056 3298 c),
1084 3219 1194 3276 contra
1217 3231 1290 3277 vero
1313 3211 1408 3275 etiam
1431 3211 1474 3274 ad

330 3319 349 3397 ξ
373 3317 393 3380 3
417 3317 450 3400 a)
474 3315 543 3402 3));
567 3339 756 3403 quamquam
785 3327 871 3384 certo
900 3319 938 3383 de
962 3319 1021 3384 bac
1043 3340 1078 3383 re
1101 3326 1168 3383 turn
1192 3319 1316 3383 demum
1339 3317 1475 3381 iudicari

329 3424 457 3516 poterit,
480 3431 647 3508 postquam
670 3433 772 3491 totum
796 3426 856 3491 boc
878 3427 1020 3492 volumen
1048 3426 1285 3508 inscriptionum
1309 3423 1475 3488 Africana·

330 3552 400 3594 rum
423 3553 522 3614 usque
545 3533 586 3596 ad
609 3531 704 3597 finem
727 3535 811 3616 typis
835 3533 1027 3616 descriptum
1051 3533 1120 3597 erit.

418 3638 623 3704 Grammatici
645 3645 776 3718 veteres,
798 3640 896 3705 veluti
919 3639 1094 3723 Pompeius,
1117 3639 1266 3715 Isidorus,
1291 3659 1361 3702 cum
1384 3659 1476 3703 occa

203 3781 206 3789 ,
330 3746 417 3810 sione
440 3745 516 3810 data
538 3748 598 3812 hoc
621 3747 669 3812 vel
691 3746 771 3811 illud
794 3746 930 3812 maxime
949 3746 1074 3811 Africae
1093 3746 1254 3830 proprium
1272 3766 1338 3809 esse
1356 3743 1476 3820 dicarnt,

330 3852 447 3917 inimic
469 3853 592 3931 dicunt;
621 3853 658 3919 cf.
688 3853 827 3919 adnotat.
852 3852 894 3916 ed
917 3857 937 3934 ἓ
961 3853 980 3918 6
1004 3851 1038 3940 a)
1065 3853 1098 3939 1)
1125 3858 1220 3938 atque
1252 3851 1404 3936 imprimis
1432 3851 1475 3916 ad

330 3963 350 4042 ξ
368 3960 388 4024 9
407 3960 444 4047 b)
466 3959 507 4044 1).
540 3959 608 4025 Hoc
630 3961 729 4044 igitur
752 3967 897 4028 constare
919 3961 997 4026 milri
1020 3960 1146 4025 videtur
1163 3965 1286 4025 tantum
1305 3955 1415 4022 abesse
1436 3965 1474 4022 ut

421 4157 439 4217 ¹)
459 4153 563 4224 Quibus
582 4155 692 4224 saepius
713 4171 777 4211 usus
796 4155 856 4218 sim,
876 4153 971 4210 videas
990 4153 1018 4208 in
1037 4169 1100 4223 pag.
1117 4155 1149 4210 10
1168 4171 1221 4224 sq.;
1240 4153 1355 4222 primurn
1372 4151 1475 4222 Corpo-

331 4241 368 4296 ris
396 4244 418 4296 Ι.
437 4242 467 4296 L.
492 4243 619 4298 volumen
647 4251 676 4299 et
703 4244 915 4314 Inscriptionum
944 4242 1155 4298 christianarum
1184 4240 1370 4299 collectionem
1398 4257 1416 4294 a
1439 4241 1475 4296 do

331 4331 427 4388 Roscio
446 4331 624 4402 compositam
640 4333 699 4388 lere
714 4333 802 4398 omisi,
823 4347 883 4388 euro
899 4331 972 4399 inde,
992 4347 1062 4400 quae
1077 4333 1113 4388 ad
1127 4333 1247 4402 singulas
1261 4330 1475 4398 orthographiae

331 4428 360 4474 et
377 4421 608 4490 pronuntiationis
627 4429 720 4492 partes
739 4423 890 4491 pertinent,
909 4419 1045 4492 imprimis
1064 4422 1178 4477 German
1198 4429 1226 4476 et
1244 4419 1415 4476 Schuchardt
1432 4419 1474 4474 di-

330 4508 450 4580 ligenter
467 4510 522 4566 iam
542 4511 738 4580 excerpserint.
1200 4531 1206 4538 ·
