3262 4926
641 399 856 459 -ῃ-

180 589 287 666 geret,
329 583 357 649 si
391 583 548 650 contendo
577 584 715 651 eundem
746 585 846 651 luisse
874 593 972 668 atque
1002 605 1089 664 enm,
1127 584 1180 666 qui
1211 584 1317 665 quarti

179 686 252 751 libri
274 688 472 770 prooemium
495 694 595 752 lotum
618 709 659 754 ex
681 689 829 754 versibus
851 691 877 768 I,
904 688 1197 762 926-5biteratis
1218 707 1316 771 para-

180 789 271 870 verit,
298 790 332 854 in
354 789 416 856 bae
438 791 599 856 sententia
622 791 743 874 aliquid
767 790 1002 876 probabilitatis
1024 790 1131 856 inesse
1154 808 1259 873 spero.

266 893 330 960 Sed
353 913 448 977 quom
468 896 565 960 talem
588 895 782 962 carminibus
805 879 1016 960 emendandis
1039 913 1168 979 operam
1189 893 1317 959 dedisse

180 997 384 1062 consimilius
400 998 527 1064 ridetur
542 1020 638 1081 quam
655 1019 737 1080 eum,
765 999 818 1081 qui
835 999 984 1064 Lucretio
999 1005 1122 1074 mortuo
1143 1015 1209 1075 eas,
1236 1015 1317 1079 quas

178 1101 235 1165 ille
257 1100 364 1166 scidas
387 1101 569 1184 reliquerat,
597 1101 716 1167 edidit?
756 1102 839 1184 Nam
862 1101 896 1166 id
919 1107 991 1186 post
1013 1099 1253 1166 Lachmannum
1276 1117 1317 1162 ne

180 1203 210 1269 ei
226 1202 354 1285 quidem
377 1204 410 1269 in
434 1205 567 1270 dubium
590 1206 760 1284 vocabunt,
787 1205 842 1288 qui
857 1204 1044 1288 Hieronymi
1064 1203 1113 1268 illi
1127 1204 1197 1268 loco
1212 1202 1317 1268 minus

179 1305 357 1386 confidunt,
384 1307 527 1373 carmina
549 1329 612 1374 non
635 1309 675 1374 ab
697 1308 769 1392 ipso
791 1315 888 1392 poeta
915 1307 1002 1372 edita
1031 1325 1118 1383 esse,
1143 1305 1241 1387 idque
1264 1305 1316 1370 vel

180 1429 221 1474 ex
242 1410 324 1476 libro
346 1411 464 1495 primo,
491 1430 585 1494 quem
609 1411 833 1476 Lachmannus
863 1410 1044 1476 absolutum
1073 1409 1141 1474 lere
1171 1429 1191 1473 a
1221 1417 1317 1493 poeta

180 1515 323 1580 relictum
348 1534 420 1580 esse
442 1516 577 1598 putarit,
604 1515 691 1581 cerni
707 1514 977 1598 Stuerenburgius
999 1515 1032 1578 in
1055 1512 1195 1596 egregia,
1221 1532 1315 1595 quam

180 1618 242 1682 iarn
273 1637 371 1702 supra
399 1618 547 1696 laudavi,
582 1618 808 1684 dissertatione
838 1617 990 1684 ostendit.
1043 1615 1136 1694 Quod
1166 1615 1317 1699 quoniam

180 1729 301 1786 eertum
323 1729 389 1801 est,
416 1743 456 1787 ex
486 1721 567 1807 ipsis
597 1730 704 1788 autom
729 1722 922 1787 carminibus
944 1721 1157 1804 intellegitur,
1183 1719 1242 1785 has
1265 1720 1317 1784 rel

178 1825 253 1890 illas
276 1831 386 1910 partes
408 1845 493 1890 nuno
517 1825 565 1890 eis
588 1824 668 1890 locis
698 1825 780 1908 legi,
807 1826 839 1890 in
868 1845 1001 1908 quorum
1031 1831 1179 1890 contextu
1210 1843 1266 1888 eas
1297 1843 1317 1887 a

181 1935 276 2011 poeto
298 1928 368 2012 ipso
389 1928 525 2014 scriptas
541 1929 593 1994 vel
609 1929 732 2012 positas
748 1948 821 1994 osse
835 1929 924 1993 nullo
940 1927 1034 1992 modo
1050 1927 1181 1994 concedi
1197 1933 1313 2011 potest,

152 2030 298 2095 deinde
332 2051 403 2095 com
436 2031 589 2096 traditum
623 2031 680 2112 sit,
715 2037 837 2096 certum
866 2030 1027 2114 quendam
1057 2030 1216 2095 hominem
1245 2039 1318 2114 post

182 2133 320 2199 Lucretii
343 2145 476 2199 mortem
499 2134 733 2200 carmina'eius
750 2135 950 2214 emendasse,
973 2154 1030 2199 our
1044 2154 1108 2199 non
1124 2140 1313 2212 statuamus,

180 2255 251 2301 cunr
274 2256 337 2300 non
360 2235 454 2301 modo
476 2236 509 2301 in
532 2236 720 2302 ordinandis
743 2258 782 2303 ac
804 2236 989 2320 digerendis
1012 2236 1069 2316 eis,
1096 2257 1179 2318 quae
1200 2236 1241 2301 ab
1262 2237 1317 2301 illo

181 2339 292 2404 relicta
306 2345 424 2418 essent,
450 2345 610 2404 versatum
625 2359 709 2417 esse,
727 2339 786 2404 sed
800 2341 907 2419 etiarn,
927 2348 962 2403 ut
977 2340 1120 2405 carmina
1136 2340 1318 2422 legentibus

181 2441 363 2525 acceptiora
394 2440 559 2522 redderet,
600 2462 706 2526 pauca
741 2441 784 2506 ad
817 2442 1047 2508 sententiarum
1082 2435 1316 2507 cohaerentiam

181 2543 395 2609 adiuvandam
413 2543 578 2610 addidisse
593 2544 793 2610 interdumve
808 2545 904 2610 etiam
922 2551 1063 2610 mutasse
1075 2552 1191 2629 poetae
1200 2544 1298 2609 verba
1306 2551 1319 2607 ‘l

182 2647 351 2712 Facillime
365 2655 472 2713 autem
487 2647 620 2725 ratione,
640 2647 668 2713 si
683 2647 759 2730 quid
774 2646 808 2712 in
824 2646 922 2713 scidis
938 2647 1079 2714 Lucretii
1095 2648 1318 2731 manuscriptis

181 2749 227 2814 ita
250 2748 372 2827 deerat,
398 2756 434 2814 ut
456 2750 683 2814 sententiarum
707 2752 935 2833 consequentia
957 2751 1140 2835 impeditior
1162 2757 1256 2830 esset,
1284 2757 1318 2813 rrt

182 2853 330 2917 lacunam
361 2853 502 2933 tolleret,
530 2853 751 2918 iterationibus
780 2854 826 2919 uti
855 2853 982 2921 videtur
1009 2855 1169 2939 potuisse,
1202 2853 1317 2937 quibus

182 2961 297 3038 poetae
318 2955 418 3021 verba
440 2956 569 3022 minime
592 2957 834 3023 contaminaret.
882 2957 936 3024 Sic
965 2957 1072 3040 igitur,
1103 2957 1172 3022 oum
1205 2976 1318 3041 prooe-

181 3058 256 3136 mia,
283 3079 365 3141 quae
388 3059 527 3124 seeundo
551 3067 583 3124 et
605 3060 699 3127 tertio
722 3059 803 3125 libro
825 3061 1002 3145 praemissa
1024 3062 1220 3140 inveniebat,
1246 3081 1317 3126 cum

181 3161 255 3245 ipsa
277 3161 505 3246 disputatione,
532 3163 670 3245 quaein
694 3163 743 3229 his
767 3164 857 3229 libris
880 3165 1027 3246 babetur,
1053 3184 1115 3229 non
1139 3164 1219 3232 satis
1242 3183 1318 3228 oon-

181 3265 291 3330 iuncta
312 3265 508 3348 viderentur,
535 3265 655 3332 adiecit
683 3268 731 3332 eis
760 3267 834 3332 illos
862 3287 992 3349 versus,
1019 3269 1133 3351 quibus
1164 3268 1198 3331 in
1227 3274 1318 3332 sexto

182 3367 262 3433 libro
288 3369 454 3453 aptissime
477 3369 631 3435 transitus
654 3369 690 3434 fit
712 3391 732 3436 a
755 3370 918 3454 prooemio
949 3371 991 3435 ad
1022 3392 1076 3450 ea,
1109 3391 1193 3454 quae
1223 3376 1317 3454 poeta

182 3471 243 3535 sibi
268 3471 418 3556 proponit
441 3471 624 3538 tractanda:
652 3473 733 3556 fugit
756 3481 862 3539 tamen
885 3474 994 3551 istum,
1019 3494 1082 3540 non
1098 3493 1228 3559 prorsus
1245 3474 1318 3539 illos

182 3587 253 3638 cnm
270 3574 316 3640 eis
332 3575 420 3650 locis,
439 3575 473 3639 in
489 3576 604 3658 quibus
620 3577 759 3660 repetiit,
777 3577 968 3643 consentire.
1008 3577 1192 3660 Eodemque
1212 3576 1318 3643 studio

182 3675 307 3756 ductus,
334 3677 418 3759 quod
441 3697 553 3743 omnes
575 3686 699 3744 ceteros
723 3679 821 3745 libros
844 3680 1015 3764 prooemiis
1037 3686 1166 3745 ornatos
1188 3678 1319 3745 videbat

182 3799 286 3861 neque
309 3779 439 3845 dubium
464 3801 536 3847 esse
559 3788 695 3866 poterat,
721 3784 798 3864 quin
821 3792 929 3868 poeta,
955 3784 983 3849 si
1005 3804 1026 3849 a
1048 3783 1114 3848 fato
1130 3783 1160 3849 ei
1175 3789 1319 3867 potestas

183 3882 260 3948 dota
283 3891 379 3964 esset,
406 3884 502 3950 etiam
526 3892 639 3968 quarto
662 3887 858 3969 prooemium
876 3887 1112 3971 praemissurus
1128 3886 1254 3966 luisset,
1279 3908 1320 3952 ne

182 3986 278 4052 nimis
301 3987 380 4053 rude
403 4007 495 4073 opus,
522 3987 607 4071 quod
628 3989 773 4054 editurus
797 3998 874 4068 crat,
902 3997 1083 4075 appareret,
1109 3990 1164 4055 ille
1180 3990 1229 4054 vir
1244 3989 1320 4056 doo-

183 4095 244 4168 tus,
271 4091 415 4174 quisquis
437 4091 505 4172 fuir,
532 4111 647 4158 vorsus
669 4093 702 4172 1,
730 4095 880 4157 926-50
903 4093 1031 4177 repetiit
1056 4100 1130 4158 ante
1153 4113 1224 4160 eam
1249 4113 1320 4159 oar-

184 4193 279 4258 minis
302 4201 435 4278 partem,
463 4215 525 4277 qua
548 4195 589 4261 de
605 4194 787 4261 simulacris
802 4196 918 4280 agitur.
960 4198 1063 4280 Atque
1080 4198 1230 4281 qnoniam
1245 4217 1322 4263 ver-

184 4293 272 4359 sibus
