3304 4928
646 1183 809 1251 LIBER
837 1181 1143 1252 POSTERIOR.

848 1459 868 1537 s
895 1455 945 1522 19.

412 1599 567 1678 Quoniam
589 1597 742 1662 hebemus
765 1603 919 1680 quantum
937 1619 977 1662 ex
999 1595 1116 1662 Suidse
1138 1597 1240 1662 lexico
1263 1619 1334 1661 cum
1356 1598 1472 1663 codici·
1585 1633 1589 1640 -

323 1708 383 1772 bus
401 1705 641 1789 Aristophoneis
664 1709 846 1788 comparato
869 1703 911 1768 ad
934 1703 1032 1766 trium
1055 1724 1134 1785 quas
1157 1704 1362 1768 tructouimus
1381 1701 1473 1768 fabu-

322 1815 425 1878 larum
443 1818 625 1878 contextum
642 1810 872 1876 emendandum
891 1809 1071 1874 redundare
1085 1809 1194 1893 possit,
1212 1829 1296 1874 nunc
1309 1809 1473 1874 uideamus

324 1939 405 2001 quae
428 1917 526 1982 luerit
548 1918 780 1984 scholiorum
802 1916 888 2000 apud
911 1915 1041 1982 Suidcm
1065 1915 1210 1981 uersibus
1234 1915 1473 2000 Aristophaneis

324 2025 556 2108 adscriptorum
574 2025 663 2109 origo
678 2029 893 2108 quantumque
907 2023 1088 2106 discrepent
1106 2021 1147 2088 ab
1166 2023 1215 2099 iis,
1233 2043 1314 2105 quae
1333 2024 1367 2086 in
1385 2023 1473 2087 codi-

324 2131 426 2209 cibus,
458 2153 496 2196 ex
528 2131 643 2216 quibus
675 2131 803 2216 quidem
835 2129 956 2196 scholia
982 2130 1204 2205 innotuerunt,
1236 2129 1474 2214 Aristophnneis

324 2239 542 2305 adseruantur.

413 2345 461 2410 De
483 2349 629 2409 ueterum
651 2349 759 2410 eutem
784 2345 817 2407 in
841 2342 1087 2426 Aristophanem
1114 2341 1304 2407 scholiorum
1332 2339 1474 2406 sontibus

324 2453 449 2536 egregie
473 2451 630 2535 quaesiuit
654 2451 690 2516 0.
713 2449 937 2516 Schneiderus:
966 2450 992 2514 is
1016 2449 1210 2531 argumentis
1232 2447 1368 2512 menime
1390 2468 1474 2511 com-

324 2565 437 2634 motus,
464 2579 545 2640 quae
572 2558 688 2641 petiuit
716 2579 754 2622 ex
781 2554 877 2622 schol.
906 2555 987 2620 Plut.
1015 2555 1099 2620 1037
1129 2553 1165 2618 ἐν
1192 2553 1228 2619 δὲ
1251 2561 1299 2639 τῷ
1323 2546 1473 2640 ὑπομνή-

323 2687 401 2747 ματι
425 2653 543 2742 οὕτως,
567 2661 664 2728 schol.
688 2662 760 2728 Pac.
785 2663 847 2726 757
873 2651 983 2737 οὕτως
1007 2649 1107 2745 εὗρον
1131 2659 1168 2725 ἐν
1192 2652 1414 2748 ὑπομνήματι,
1443 2668 1475 2726 et

325 2791 364 2835 ex
386 2768 584 2852 Eustethii1)
608 2768 690 2832 loco:
718 2759 757 2832 τὸ
783 2767 819 2832 δὲ
835 2769 991 2851 χαίρετον
1016 2760 1217 2852 ἀρχαιοτάτη
1236 2751 1350 2853 φιλικὴ
1368 2785 1474 2852 προσ-

325 2872 488 2960 φώνησις,
521 2868 769 2958 interponente
798 2896 834 2937 τε
864 2874 921 2938 καὶ
950 2868 1093 2957 ἑτεροῖα,
1122 2865 1168 2950 ὡς
1195 2873 1251 2936 καὶ
1279 2865 1298 2937 ὃ
1326 2865 1475 2956 κωμικὸς

325 2983 381 3047 καὶ
414 2973 432 3046 ὃ
465 2973 542 3044 κατ’
576 2972 681 3044 αὐτὸν
715 2972 1010 3066 ὑπομνηματισμὸς
1042 2977 1079 3044 ἐν
1111 2987 1160 3063 τῷ
1193 2973 1337 3063 Πλούτῳ
1370 2980 1475 3064 δηλοῖ,

324 3107 421 3154 unum
444 3085 540 3150 luisse
563 3088 822 3153 commentarium
844 3087 1049 3170 praecipuum
1077 3085 1267 3152 scholiorum
1290 3089 1475 3165 nostrornm

325 3193 453 3269 fontem,
471 3194 560 3258 coins
578 3199 739 3260 auctorem
761 3192 981 3277 Symmachum
1001 3213 1068 3258 esse
1087 3192 1166 3268 uult,
1189 3212 1323 3276 eumque
1340 3194 1475 3257 uetusti-

203 3333 206 3340 *
325 3321 415 3366 orum
438 3298 566 3381 quidem
589 3297 779 3364 scholiorum
801 3301 928 3364 unicum
951 3299 1071 3363 iontem
1095 3319 1163 3364 csse
1181 3299 1374 3380 argumentis
1398 3319 1473 3382 pm-

325 3405 402 3470 bcre
425 3411 555 3470 conotus
578 3411 627 3472 est
649 3407 733 3491 (pag.
752 3406 798 3490 9).
844 3407 887 3470 At
909 3427 1003 3490 quam
1021 3403 1146 3470 infirme
1164 3411 1278 3482 esseut,
1301 3425 1381 3492 quae
1398 3426 1474 3488 pro·

325 3511 401 3577 tulit
424 3511 474 3576 uir
497 3512 696 3578 doctissimus
719 3513 758 3576 ad
784 3511 1007 3578 stabiliendam
1029 3529 1118 3576 sunm
1136 3513 1335 3588 sententiam,
1353 3514 1474 3596 primus

326 3618 433 3682 docuit
457 3615 638 3683 Dindorfius
666 3618 697 3680 in
723 3617 885 3686 Addendis
911 3620 952 3684 ad
976 3618 1167 3683 scholiorum
1190 3617 1252 3682 nol.
1275 3616 1291 3682 1
1314 3637 1384 3700 pag.
1408 3617 1473 3682 388

325 3745 407 3806 sqq„
438 3745 511 3789 mox
539 3722 724 3789 Schneideri
757 3725 946 3788 sententiam
980 3722 1134 3788 refutauit
1165 3722 1201 3787 Ο.
1230 3721 1414 3789 Gerhardus
1441 3726 1474 3788 in

325 3828 424 3894 libelli
444 3851 539 3913 quom
557 3831 596 3894 de
617 3830 801 3895 Aristnrcho
821 3829 1043 3913 Aristophanis
1062 3831 1235 3911 interprete
1254 3831 1383 3895 scilcet
1402 3831 1475 3895 dili-

325 3943 437 4019 genter
455 3936 581 4019 scripsit
600 3935 744 4020 (Bonnae
763 3935 862 4022 1850)
882 3935 985 4019 capite
1003 3935 1121 4020 prim03
1146 3936 1173 4000 is
1191 3929 1232 4000 τὰ
1252 3929 1474 4023 ὑπομνήματα

325 4043 377 4107 uel
392 4039 464 4107 ἔνια
478 4049 548 4106 τῶν
562 4033 823 4128 ὑπομνημάτων,
843 4063 924 4124 quoe
938 4041 1053 4126 plurali
1068 4063 1198 4106 numero
1216 4043 1355 4107 citantur
1364 4045 1401 4126 ¹),
1420 4043 1475 4108 de·

326 4150 516 4214 monstrauit
538 4147 766 4215 Schneiderum
789 4146 868 4213 falso
892 4149 1122 4214 existimauisse
1146 4149 1256 4214 eadem
1284 4171 1366 4224 esse,
1394 4172 1476 4232 quae

400 4311 418 4358 ¹t
438 4309 473 4362 cd
493 4309 524 4360 ll.
544 4323 587 4376 pg.
609 4306 685 4372 1483,
705 4308 748 4362 32.

398 4397 418 4458 ²)
438 4396 522 4450 schol.
547 4396 630 4462 Vesp.
655 4395 707 4449 542
732 4397 796 4460 962,
821 4398 873 4450 Au.
899 4395 968 4450 1075
991 4395 1043 4450 284
1066 4396 1118 4449 557
1142 4395 1194 4449 282
1218 4396 1288 4450 1242
1312 4395 1382 4450 Plut.
1407 4397 1473 4460 3853

326 4484 360 4540 oi.
381 4483 505 4540 Diodori.
525 4483 651 4538 Addend.
671 4499 715 4553 pg.
735 4485 823 4538 3890.
