3272 4920
358 405 417 466 mo
789 435 833 448 -
880 401 963 483 [aar]
1011 433 1055 445 -

354 593 554 674 γιγνομένου
578 576 656 674 ἦρος
678 581 783 662 εὐθὺς
806 581 995 671 ἀρχομένου
1019 582 1181 670 πρῴτατα
1204 581 1243 670 δὴ
1268 581 1299 648 ol
1316 581 1491 647 Λακεδαι-

353 688 469 774 μόνιοι
493 691 550 754 καὶ
573 689 605 755 οἱ
627 687 798 771 ξύμμαχοι
821 687 855 764 ές
878 687 938 775 τὴν
953 683 1105 774 Ἀττικὴν
1127 686 1300 769 ἐσέβαλον.

819 829 1026 840 -η-μ,

440 913 491 978 Ex
512 912 573 991 his,
599 933 681 996 quas
702 913 865 998 proposui,
890 913 1079 979 lectionibus
1101 911 1184 977 hacc
1206 910 1401 976 cfficiuntur:

439 1034 466 1098 I.
503 1033 678 1118 Dionysius
712 1034 856 1100 ciusdem
886 1033 1081 1100 recensionis
1114 1029 1288 1115 exemplari
1319 1047 1398 1094 usus
1428 1037 1487 1106 est,

355 1145 450 1220 atque
479 1156 519 1202 ca
548 1137 625 1216 suit,
659 1157 699 1204 ex
728 1155 791 1220 qua
821 1155 931 1203 omues
961 1133 1112 1220 deinceps
1141 1131 1339 1218 Thucydidis
1366 1129 1491 1197 codices

354 1237 527 1305 fluxerunt.
574 1239 659 1304 Num
683 1247 715 1305 et
736 1259 810 1306 cum
833 1238 1116 1324 praestantissimis
1133 1236 1294 1304 codicibus
1309 1233 1366 1302 BC
1382 1255 1491 1301 exem-

355 1343 428 1427 plar
449 1343 609 1409 consentit
631 1351 663 1408 et
685 1361 769 1424 qnae
791 1341 928 1425 singulis
951 1349 1074 1407 tanturn
1096 1340 1213 1406 nostris
1236 1337 1400 1405 codicibus
1417 1356 1491 1403 rere

355 1444 534 1526 traduntur,
560 1452 646 1510 recte
669 1445 822 1510 servarit.

441 1547 485 1612 II.
511 1547 593 1613 Huic
615 1547 795 1615 recensioni
818 1547 956 1614 maxime
979 1546 1087 1612 affinis
1110 1553 1160 1612 est
1181 1544 1283 1612 codex
1302 1543 1493 1609 Laurentia-

356 1667 432 1726 nus;
457 1669 518 1734 per
538 1649 653 1715 librum
678 1650 763 1716 enim
784 1651 923 1734 primum
946 1658 978 1716 et
1001 1647 1176 1715 secundnm
1192 1647 1258 1712 XX
1280 1647 1360 1714 locis
1383 1666 1492 1712 exem-

356 1753 429 1836 plar
450 1771 522 1818 cnm
544 1771 583 1818 eo
605 1753 779 1835 consentit,
811 1753 894 1818 inter
916 1771 995 1836 qnos
1017 1770 1127 1817 veram
1149 1750 1318 1817 lectionem
1342 1749 1493 1814 exhibent

357 1855 455 1932 XIII;
492 1874 565 1920 cum
596 1855 752 1921 Vaticano
780 1875 841 1940 per
870 1854 999 1921 eosdem
1027 1854 1127 1920 libros
1155 1853 1233 1919 VIII
1262 1861 1386 1918 tantum
1414 1851 1492 1918 locis

356 1957 513 2041 congruit,
539 1976 674 2041 quornm
695 1957 741 2022 IV
763 1963 849 2025 recte
873 1957 1033 2040 leguntur.

443 2059 503 2126 III.
530 2059 610 2126 Inde
633 2059 736 2126 codex
759 2059 995 2126 Laurentianus
1017 2057 1225 2142 insigniorem
1249 2059 1347 2124 etiam
1370 2077 1409 2122 ea
1431 2074 1493 2139 qua

356 2163 472 2228 lrnitur
491 2163 714 2230 anctoritatem
736 2162 941 2240 nanciscitur,
960 2163 1094 2244 viceque
1110 2181 1204 2228 versa
1220 2161 1367 2246 Dionysii
1383 2179 1493 2226 enem-

357 2267 429 2352 plar
449 2266 560 2350 paullo
582 2267 735 2332 maiorem
758 2265 854 2331 fidem
876 2285 972 2348 quam
995 2265 1026 2331 ei
1052 2265 1157 2331 adhuc
1179 2264 1239 2329 riri
1266 2262 1351 2329 docti
1373 2261 1494 2329 tribue-

357 2375 432 2434 runt
453 2369 515 2434 sibi
537 2368 690 2434 vindicat.

443 2469 499 2536 1v.
525 2470 701 2555 Exemplar
723 2469 784 2536 iuit
805 2487 846 2534 en
866 2470 917 2547 iis,
944 2469 1059 2554 quihus
1075 2470 1274 2553 grammatici
1290 2468 1494 2554 rhetorasque

357 2573 538 2638 utebantur.
585 2572 674 2638 Idem
697 2571 776 2638 vitia
798 2579 863 2638 tam
887 2593 958 2637 cnm
981 2573 1128 2639 omnihus
1151 2571 1349 2657 Thucydidis
1376 2573 1495 2642 codici-

358 2675 418 2742 bus
441 2695 537 2758 qnam
560 2695 632 2741 curn
654 2675 791 2759 singulis
813 2675 994 2741 communia
1017 2675 1123 2741 habet.

776 2929 865 2998 Pars
887 2931 1075 3018 posterior.

445 3052 587 3118 Alterius
610 3053 710 3136 partis
734 3072 858 3119 summa
880 3053 961 3119 haec
984 3061 1048 3132 est,
1075 3061 1111 3119 ut
1133 3053 1308 3132 rideamus,
1335 3075 1495 3138 quaenam

359 3153 509 3240 Dionysii
531 3156 699 3240 exemplar
720 3163 831 3220 contra
845 3154 1044 3240 Thucydidis
1063 3155 1189 3222 codices
1207 3158 1336 3242 propria
1359 3157 1493 3236 haheat;

359 3259 512 3342 adquam
528 3259 748 3342 quaestionem
763 3259 950 3344 prinsquam
965 3258 1119 3325 accedere
1135 3260 1307 3344 possimus,
1332 3263 1497 3345 exemplar

360 3360 594 3444 quodammodo
616 3361 850 3427 restituendum
873 3369 934 3427 est.
980 3361 1064 3426 Nam
1086 3380 1168 3444 quae
1190 3361 1224 3426 in
1240 3361 1386 3446 Dionysii
1406 3363 1497 3428 codi-

359 3464 450 3530 cibus
471 3463 633 3547 legnntnr,
658 3473 715 3530 ant
734 3464 884 3548 Dionysii
906 3463 1083 3548 exemplari
1105 3471 1161 3529 aut
1183 3463 1248 3549 ipsi
1264 3464 1419 3550 Dionysio
1441 3473 1499 3532 aut

360 3565 474 3634 scribis
501 3565 674 3642 dehentnr;
709 3566 751 3631 ad
773 3565 964 3650 Dionysium
995 3566 1206 3648 librariosque
1235 3587 1318 3650 quae
1346 3565 1494 3648 redeunt,

360 3669 388 3736 si
410 3675 564 3752 quantum
587 3687 659 3734 cnm
681 3667 907 3752 probabilitate
923 3667 992 3733 lieri
1007 3669 1145 3752 potnerit
1165 3669 1399 3750 sustulerimus,
1420 3669 1498 3736 reli·

359 3791 425 3856 qua
445 3771 612 3855 exemplar
635 3771 701 3844 iere
724 3771 902 3856 exprimere
925 3771 1121 3855 putabimus.

913 3958 940 4023 I.

447 4079 604 4166 Dionysio
627 4098 709 4162 quae
732 4079 829 4145 tribui
851 4079 984 4162 possint,
1011 4087 1046 4145 ut
1067 4099 1308 4164 cognoscamus,
1335 4079 1420 4147 duae
1435 4101 1498 4166 pa·

363 4189 432 4249 tent
453 4183 543 4256 riaes
569 4182 672 4248 altera
695 4201 764 4248 mos
787 4189 837 4248 est
859 4183 928 4248 eius
952 4181 1084 4259 citandi,
1109 4183 1211 4248 altera
1232 4201 1341 4248 eorum
1364 4199 1499 4268 operum

361 4283 516 4366 condicio,
543 4283 577 4348 in
599 4285 713 4368 quihus
735 4282 942 4369 Thucydidis
958 4283 1020 4350 loci
1043 4285 1203 4368 leguntur.
