3280 4934
323 361 367 428 eo
755 399 797 408 -
843 359 937 444 [ne]
985 399 1023 408 -

322 553 468 643 ρούμενα
490 556 547 620 καί
569 545 628 634 τάς
650 563 732 634 ναῦς
759 567 828 632 τοῖς
855 558 1026 641 πολεμίοις
1052 551 1320 642 παραδιδομένας
1342 555 1398 620 καί
1420 545 1460 618 τὸ

322 656 484 749 ὑμέτερον
502 665 635 749 πλῆθος
657 659 998 748 καταδεδουλωμένον
1016 662 1149 749 (XVIII,
1167 663 1197 727 4.
1216 663 1260 747 b).
1297 661 1362 728 Ubi
1380 682 1461 747 quae

322 779 493 836 narrantur
521 775 553 835 et
575 789 704 852 prorsus
722 776 899 852 congruunt
922 792 990 836 cum
1014 769 1107 835 rebus
1130 770 1273 834 oratione
1295 767 1373 833 XIII
1396 774 1461 832 tra·

322 878 399 942 ditis
431 897 489 942 nec
519 874 658 959 fingendi
694 877 858 942 eonsilium
888 877 988 942 nilum
1019 877 1200 943 admittunt
1254 875 1347 941 Hunc
1378 875 1462 940 euim

322 985 490 1051 Eueratem
514 983 624 1050 eadem
641 989 731 1054 sorte
753 1007 844 1050 usum
867 1005 934 1050 csse
958 1005 995 1051 ac
1016 985 1269 1070 Dionysodorum
1291 989 1324 1048 et
1341 980 1461 1048 Strom·

322 1091 478 1157 bichidem
494 1096 677 1175 ceterosque
691 1091 786 1158 duces
800 1093 1025 1159 contendimus.
1053 1093 1248 1178 Quamquam
1262 1089 1426 1157 Scheibius
1436 1089 1461 1177 ¹)

321 1205 432 1266 eontra
453 1197 666 1264 Hamakerum
688 1200 853 1284 dIspntans
879 1221 942 1266 non
965 1200 1066 1266 solum
1089 1205 1163 1264 ante
1185 1199 1381 1264 dominatum
1403 1196 1461 1260 tri·

322 1307 413 1392 ginta
430 1305 568 1372 virorum
591 1306 647 1372 sed
670 1307 766 1372 etiam
788 1313 863 1374 ante
884 1308 1010 1374 moenia
1026 1307 1133 1372 diruta
1150 1327 1305 1388 navesque
1327 1302 1462 1369 traditas

321 1415 489 1480 Euaretem
511 1413 665 1497 supplicio
687 1414 835 1481 affectum
854 1437 921 1482 esse
939 1437 957 1481 e
975 1413 1079 1480 vorbis
1100 1417 1228 1498 μᾶλλον
1247 1410 1353 1478 είλετο
1377 1401 1461 1475 ἀπο-

321 1517 441 1587 λέσθαι
464 1512 484 1607 ἢ
507 1517 634 1585 ίπιδείν
653 1511 694 1586 τά
717 1523 806 1608 τείχη
828 1516 1083 1606 καθαιρούμενα
1101 1521 1157 1586 καὶ
1179 1512 1238 1598 τὰς
1255 1527 1337 1596 ναῦς
1354 1540 1460 1602 παρα-

323 1627 497 1712 διδομένας
516 1627 638 1692 elucere
656 1633 757 1712 putat
794 1629 840 1693 Ao
857 1651 893 1694 re
911 1649 985 1694 vera
1002 1649 1020 1694 e
1037 1629 1141 1695 serbis
1164 1629 1227 1693 illis
1246 1647 1303 1711 per
1321 1647 1354 1691 se
1372 1645 1460 1710 speo-

322 1737 412 1813 tatis,
442 1735 556 1818 quibus
583 1735 736 1801 Euoratcs
766 1743 900 1802 mortem
927 1737 1016 1802 obire
1048 1737 1194 1803 maluisse
1223 1736 1340 1800 dicitur
1366 1754 1458 1818 quam

322 1843 430 1908 sidere
461 1862 566 1908 muros
599 1841 720 1907 dirutos
751 1863 908 1927 navesque
944 1844 1093 1922 traditas,
1129 1842 1315 1909 concludere
1346 1840 1460 1924 aliquis

321 1949 421 2033 possit
452 1970 562 2033 reapse
594 1953 726 2014 mortem
754 1949 868 2017 obiisse
895 1951 1064 2016 Eucrutem
1095 1955 1169 2016 ante
1201 1969 1306 2014 muros
1338 1947 1460 2012 dirutos

322 2077 477 2139 navesque
500 2055 642 2121 traditas.
678 2054 789 2140 Neque
812 2063 916 2124 tamen
939 2057 972 2122 id
996 2058 1182 2124 concludere
1204 2058 1287 2122 licet.
1324 2053 1461 2120 Obstant

322 2166 405 2229 enim
427 2164 483 2229 alii
505 2163 567 2228 loci
589 2163 729 2228 eiusdem
752 2164 914 2241 erationis
936 2164 1049 2248 quibus
1073 2169 1140 2229 tum
1163 2165 1288 2230 demum
1310 2185 1380 2229 eum
1402 2162 1461 2226 tri·

322 2272 412 2356 ginta
433 2271 492 2335 viri
515 2270 653 2335 instituti
678 2276 790 2348 essent,
812 2269 1015 2336 interfectum
1038 2293 1104 2337 esse
1123 2291 1193 2338 eum
1212 2277 1297 2336 eerto
1320 2276 1460 2355 apparet

322 2377 368 2444 Ut
389 2377 473 2444 filius
495 2377 641 2442 Eueratis
664 2377 703 2443 de
730 2399 764 2443 se
791 2376 950 2462 fratreque
973 2399 1030 2444 suo
1058 2369 1168 2458 οὐδὲν,
1195 2377 1306 2462 iuquit,
1332 2369 1395 2462 γὰρ
1419 2370 1461 2442 ἀν

320 2476 405 2571 ἡμᾶς
422 2479 546 2550 κωλύει
565 2477 798 2562 ἀθλιωτάτους
817 2480 901 2550 εἶναι
920 2483 976 2550 ἐπὶ
997 2491 1068 2550 τῶν
1086 2481 1270 2572 τριάκοντα
1289 2476 1460 2571 ὀρφανοὺς

321 2589 609 2674 καταλειφθέντας
636 2592 670 2676 (ξ
693 2591 760 2677 22).
818 2590 869 2656 Ab
901 2591 1010 2658 eodem
1042 2591 1196 2659 Eucrates
1230 2598 1263 2659 et
1294 2591 1460 2658 Niceratus

321 2697 438 2762 mortui
460 2719 527 2764 esse
546 2698 693 2764 dicuntur
715 2691 799 2783 ὑπὲρ
818 2705 877 2785 τῆς
899 2698 1121 2786 δημοκοπίας
1143 2702 1280 2787 καὶτῆς
1302 2693 1461 2784 ὑμετέρας

323 2803 515 2890 ἐλευθερίας
537 2795 605 2870 ὑπὸ
629 2811 699 2869 τῶν
721 2800 904 2891 τριάκοντα
926 2801 1071 2870 κώνειον
1088 2801 1224 2884 πιόντες
1242 2807 1276 2893 (ξ
1295 2805 1361 2893 24).
1398 2805 1461 2870 De·

321 2912 417 2994 nique
436 2912 568 2976 eandem
586 2931 653 2975 rem
671 2915 807 2995 tangunt
824 2912 920 2978 verba
937 2913 1047 2978 καίτοι
1065 2913 1153 2990 τίνες
1172 2905 1213 2978 ἀν
1232 2906 1327 3000 ἡμῶν
1346 2911 1461 3000 είησαν

323 3017 583 3103 δυστυχέστεροι,
609 3015 637 3082 εί
656 3015 693 3082 ἐν
710 3017 772 3102 μὲν
794 3025 835 3102 τῇ
858 3010 1028 3110 ὀλιγαρχίᾳ
1051 3013 1346 3108 ἀπεθνήσκομεν)
1369 3008 1461 3086 εὖνοι

323 3118 419 3203 ὄντες
449 3133 498 3210 τῷ
524 3121 664 3212 πλήθει,
696 3122 734 3190 ἐν
762 3124 797 3191 δὲ
824 3133 865 3210 τῇ
894 3127 1097 3216 δημοκρατίᾳ
1125 3119 1171 3205 ὡς
1198 3123 1339 3194 κακόνοι
1367 3121 1462 3204 ὄντες
1497 3195 1501 3203 ,

322 3240 372 3318 τῷ
394 3229 519 3320 πλήθει
537 3223 807 3318 ἀποστεροίμεθα
826 3235 860 3320 (5
880 3234 929 3320 8);
952 3235 1007 3300 ubi
1031 3227 1290 3321 ἀποθνήσκομεν
1313 3235 1354 3302 ad
1377 3255 1460 3299 mor-

327 3347 392 3406 tem
413 3341 560 3406 Eucratis
584 3345 616 3404 et
638 3338 778 3406 Nicerati
801 3345 931 3424 spectat.

410 3447 477 3513 Iam
514 3447 541 3512 si
581 3447 774 3529 quaerimus,
814 3446 974 3512 cuiusnam
1010 3447 1148 3514 oriminis
1184 3471 1279 3516 causa
1310 3451 1462 3516 Euerates

321 3559 455 3620 mortem
473 3553 596 3624 obierit
615 3553 785 3619 Sieversius
804 3559 837 3619 et
856 3553 1017 3642 nestun
1041 3554 1180 3621 everbis
1199 3548 1275 3638 ἐξὸν
1294 3549 1386 3642 αὐτῷ
1405 3557 1460 3622 καί

322 3667 393 3726 τῶν
410 3654 592 3747 τριάκοντα
609 3656 767 3745 γενέσθαι
785 3660 842 3726 καὶ
858 3651 999 3747 μηδενὸς
1021 3656 1161 3728 ἔλαττον
1181 3659 1347 3730 δύνασθαι
1369 3685 1462 3747 prep-

321 3776 411 3834 terea
432 3767 600 3834 Eucratem
622 3767 757 3834 ocenum
781 3789 849 3833 esse
872 3768 1079 3846 coniecerunt
1102 3770 1186 3855 quod
1212 3773 1393 3837 societatem
1419 3770 1461 3837 ab

322 3875 528 3959 optimatibus
550 3874 687 3941 oblatam
711 3875 908 3960 repudiasset
935 3897 993 3942 nec
1019 3876 1053 3940 iu
1080 3877 1213 3962 triginta
1239 3879 1377 3943 virorum
1404 3900 1461 3943 uu·

322 4003 408 4048 mero
436 4003 502 4049 esse
528 3981 686 4049 voluisset.
731 3982 794 4049 Sed
820 3987 857 4047 ut
885 3983 1042 4061 omittam,
1072 4007 1166 4068 quam
1193 4007 1256 4050 non
1284 3984 1461 4052 verisimilis

412 4161 432 4226 1)
451 4157 496 4216 Fr.
515 4159 632 4216 Scheibe
651 4159 788 4217 siudiciae
807 4160 949 4232 Lysiacae,
968 4160 1081 4231 Lipsiae
1102 4163 1178 4228 1845,
1198 4179 1225 4233 p.
1244 4162 1286 4218 87.

412 4243 685 4319 1)οίιιοθνὴσκοιμεν
703 4249 732 4305 in
751 4249 846 4306 codice
865 4249 1009 4318 traditum,
1029 4251 1150 4306 correxit
1168 4253 1200 4308 R.
1219 4251 1380 4308 Schoellius.

411 4337 558 4404 ⁸)Sievers
581 4338 824 4396 commentationes
851 4338 1000 4394 historicae
1029 4339 1064 4395 de
1087 4340 1276 4411 Xenophontis
1300 4339 1460 4409 Hellenicis‚

323 4425 445 4482 herolirri
465 4429 542 4492 1833,
562 4444 587 4497 p.
607 4429 650 4484 49.
687 4428 797 4484 Curtius
815 4428 870 4485 111⁸
888 4445 914 4499 p.
935 4431 978 4485 19.
