3262 4926
608 397 823 458 -73..

149 579 242 657 Quod
264 586 371 646 antem
395 580 512 645 tertius
533 580 790 665 interpolationis
806 581 934 664 signum
950 581 1057 648 afferri
1074 588 1179 666 potest
1193 602 1287 665 quam

148 683 350 767 interpolatis
384 682 491 748 verbis
527 702 676 750 versuum
707 703 863 750 conexum
893 685 1031 762 turbari,
1068 685 1116 751 eis
1153 685 1288 751 seclusis

148 786 255 852 omnia
277 787 359 852 bene
382 805 417 852 se
440 785 581 852 haberet
602 823 640 834 -

422 889 477 966 IV,
504 892 652 953 atu-29
681 891 1010 973 (=V1,923-35).

234 992 355 1057 Versus
370 993 426 1073 IV,
446 994 594 1056 trs-29
610 1013 673 1058 non
696 993 738 1058 ab
760 992 832 1078 ipso
854 999 951 1077 poeta
968 992 1121 1078 repetitos
1139 1011 1212 1059 esse
1229 991 1287 1058 de-

148 1100 406 1161 monstraverunt
426 1094 521 1180 primi
545 1094 719 1161 Goebelius
740 1103 773 1161 et
787 1095 1073 1162 Winokelmonnus
1088 1101 1284 1178 argumento,

147 1216 209 1280 quo
224 1195 344 1263 elarius
359 1197 483 1263 nullum
499 1204 605 1282 potest
627 1197 748 1263 afferri.
787 1197 869 1262 Nam
890 1218 961 1264 oum
984 1196 1133 1265 ostendat
1147 1204 1241 1278 poete
1254 1197 1288 1263 in

148 1299 294 1370 versibus
316 1303 493 1378 tlt-215,
512 1319 606 1383 quarn
623 1300 720 1366 celeri
734 1306 821 1366 motu
838 1299 1011 1366 simulacro
1033 1300 1187 1379 ferantur,
1212 1299 1288 1383 quid

148 1402 297 1470 adhunc
327 1404 430 1469 looum
453 1403 610 1488 pertinet,
635 1401 733 1470 fluere
756 1403 870 1470 odores
893 1423 913 1468 a
935 1403 1030 1470 oertis
1054 1403 1159 1481 rebus,
1186 1401 1289 1485 frigus

149 1525 168 1569 a
192 1503 308 1580 fluviis,
334 1525 429 1572 voees
452 1506 587 1572 volitare
609 1525 666 1590 per
687 1525 785 1572 auras
807 1513 839 1571 et
861 1509 988 1572 uetera?
1015 1506 1099 1588 quod
1126 1510 1191 1571 tum
1216 1511 1289 1570 ton-

148 1613 214 1673 tum
244 1607 470 1692 proferendum
500 1616 586 1688 erat,
620 1608 649 1674 si
679 1608 729 1674 oui
758 1609 887 1674 omnino
916 1609 1091 1675 simulacra
1122 1607 1220 1675 fluere
1249 1628 1290 1673 ex

149 1712 244 1776 rebus
267 1711 372 1778 minus
394 1711 555 1797 plaoebat.
595 1711 637 1777 Et
659 1712 790 1778 adsensi
812 1720 886 1778 sunt
906 1712 972 1777 illie
988 1711 1065 1777 viris
1081 1711 1289 1778 Neomannus
1361 1695 1365 1704 ’

153 1815 218 1900 (pg.
251 1817 279 1896 9)
323 1822 355 1881 et
388 1814 600 1882 Susemihlius
635 1814 802 1900 (Philolog.
834 1815 965 1896 XXIX,
1007 1819 1071 1881 439
1099 1819 1177 1898 sq.),
1209 1835 1288 1898 quo

149 1937 217 1982 rum
248 1918 300 1984 hio
333 1918 506 1984 Purmanni
542 1919 662 2002 (annal.
702 1917 815 2003 philol.
850 1922 901 1997 67,
934 1939 989 2002 pg.
1023 1922 1098 1983 676.
1152 1918 1285 1996 Quaest.

149 2020 277 2086 Cottab.
301 2041 355 2106 pg.
386 2025 423 2086 10
446 2025 508 2105 sq.)
535 2027 568 2087 et
591 2021 684 2088 Pollii
711 2021 879 2105 {Philolog.
905 2021 1025 2102 XXVI,
1053 2023 1125 2106 339)
1157 2029 1288 2088 cuneta-

148 2124 265 2189 tionem
289 2129 321 2189 et
342 2124 553 2190 conservandi
576 2124 765 2210 scriptoram
788 2123 932 2190 eodioum
963 2125 1102 2190 studium
1132 2143 1190 2190 suo
1220 2123 1288 2191 inre

150 2225 281 2310 respuit.
329 2225 424 2291 Miror
445 2233 553 2293 tamen
575 2246 688 2294 versus
706 2230 778 2291 216.
798 2231 815 2289 7
841 2227 882 2292 ab
906 2225 1186 2321 eisdemlretentos
1202 2245 1283 2293 esse.

149 2327 213 2405 Qui
235 2347 339 2411 neque
361 2329 429 2412 apti
445 2337 528 2410 sunt,
556 2330 584 2395 si
599 2349 671 2395 enm
690 2333 856 2394 tlt-215
874 2329 1122 2413 coniunguntur,
1139 2329 1288 2412 quoniam

148 2431 181 2496 id
205 2431 309 2496 sulum
331 2431 504 2510 continent,
530 2454 615 2496 esse
637 2455 771 2516 corporo
794 2455 874 2517 quoe
890 2432 1022 2519 feriant
1044 2432 1148 2496 oeulos
1170 2432 1286 2496 uisum-

150 2557 207 2618 que
230 2535 395 2612 lacessant,
421 2553 492 2600 oum
515 2533 549 2600 in
571 2539 738 2600 tur—216
762 2536 825 2602 iam
848 2535 889 2602 de
913 2535 1075 2602 eeleritate
1099 2527 1286 2602 simulacro-

149 2659 218 2703 rum
239 2646 421 2724 peroratum
445 2637 499 2714 sit,
524 2646 745 2724 praeterquam
768 2638 852 2723 quod
875 2639 909 2704 id
932 2639 1060 2705 omnino
1081 2638 1223 2705 nondum
1239 2647 1288 2706 est

149 2741 285 2823 dictum,
319 2740 500 2825 primordiis
529 2741 634 2809 visum
670 2743 806 2822 moveri,
839 2761 944 2825 neque
981 2741 1063 2808 sumi
1093 2749 1199 2826 potest
1233 2761 1289 2809 eos

149 2845 269 2912 exitum
304 2844 400 2910 unius
431 2864 472 2911 ex
506 2844 554 2911 eis
588 2863 673 2928 quoe
708 2851 885 2927 sequnntur
914 2845 1113 2928 argumentis
1142 2845 1289 2912 effecisse

154 2948 216 3032 (vel
245 2948 288 3014 ad
318 2947 482 3031 quodlibet
510 2947 598 3013 aliud
628 2947 831 3033 pertinuisse,
865 2947 951 3031 quod
972 2967 1012 3013 ex
1034 2955 1122 3014 textu
1146 2946 1286 3031 obierit),

150 3070 212 3134 quo
236 3057 414 3136 exponatur
435 3050 469 3115 in
492 3048 672 3116 simulacris
688 3069 819 3115 oausam
834 3048 965 3116 videndi
987 3050 1125 3135 positam
1149 3070 1233 3128 esse,
1259 3059 1291 3118 et

151 3173 226 3219 nasu
257 3153 366 3236 aliquo
393 3152 427 3218 id
450 3152 533 3218 male
556 3151 785 3237 transpositum
810 3171 893 3218 esse.
940 3151 1054 3235 Neque
1076 3153 1162 3219 enim
1184 3154 1218 3218 in
1241 3154 1289 3220 eie

149 3257 183 3322 irl
206 3256 349 3334 docetur,
375 3255 555 3322 simulacris
578 3255 681 3320 visum
705 3254 836 3334 moveri,
863 3253 921 3320 sed
944 3273 1016 3320 esse
1039 3255 1222 3320 simulacra.
1250 3293 1286 3304 -

567 3358 593 3438 1,
621 3359 682 3422 sss
712 3357 763 3438 <=
786 3360 874 3435 eoo).

237 3462 370 3529 Versum
395 3464 457 3528 609
481 3481 501 3526 a
524 3459 672 3526 Lnoretio
695 3460 766 3545 ipso
796 3459 948 3544 seriptum
971 3478 1044 3525 esse
1067 3460 1171 3542 quivis
1193 3461 1289 3526 iutel-

149 3567 244 3648 leget.
284 3565 375 3644 Quae
397 3565 496 3630 verba
517 3563 663 3647 quamvis
680 3564 744 3628 sint
759 3561 1008 3648 simplicissima,
1034 3560 1074 3627 de
1089 3562 1136 3629 eir
1153 3563 1290 3629 breviter

152 3667 321 3734 dicendum
344 3675 403 3744 est,
430 3686 502 3732 oum
525 3667 566 3731 ab
588 3666 825 3750 interpolatore,
851 3663 906 3746 qui
923 3683 962 3730 ea
984 3669 1132 3749 postoli
1150 3665 1285 3749 repetiit,

68 3781 72 3788 '
150 3791 213 3836 non
235 3779 321 3836 reete
344 3776 495 3854 peroepta
517 3769 596 3849 sint,
622 3767 708 3836 unde
739 3787 797 3833 nos
827 3787 901 3832 eum
923 3766 1050 3850 quidem
1074 3767 1210 3834 imotum
1233 3787 1290 3834 eo·

150 3874 265 3958 pimus,
284 3880 320 3938 nt
335 3880 436 3938 artem
453 3872 541 3938 illius
556 3889 799 3955 cognoscamus.
839 3869 966 3936 Etenim
986 3869 1093 3952 agitur
1107 3889 1170 3951 res,
1189 3877 1225 3936 nt
1239 3871 1289 3936 vi-

149 3977 252 4056 detur,
287 3976 467 4054 levissima,
501 3974 657 4058 quomodo
687 3973 817 4039 verbum
847 3980 920 4036 suot
951 3972 1203 4062 intellegendum
1234 3974 1286 4040 sit.

150 4081 293 4164 Apparet
315 4086 422 4144 autem
445 4085 478 4143 et
499 4097 540 4142 ex
562 4077 643 4162 ipsis
659 4076 804 4142 versibus
821 4077 968 4138 tor-tl
986 4082 1018 4140 et
1039 4093 1080 4140 ex
1102 4074 1175 4141 aliis
1198 4074 1287 4161 loeis,

150 4191 223 4246 soret
244 4189 331 4248 oerta
354 4179 530 4246 exsistendi
553 4179 680 4245 notione
702 4178 841 4264 positum
865 4197 948 4257 esse,
975 4178 1021 4243 ita
1043 4184 1079 4243 ut
1101 4177 1291 4246 Germanioe

150 4285 338 4351 vertendum
362 4284 422 4350 sit:
449 4302 504 4349 »es
527 4283 615 4367 giebt
637 4283 706 4348 also
729 4280 905 4366 primordia
927 4301 990 4346 von
1013 4281 1115 4348 fester
1135 4281 1291 4348 Einsaoh·
