3280 4934
320 389 362 452 34
768 425 805 436 -
853 388 926 470 [ss]
974 425 1013 434 -

319 591 505 668 argumente
537 591 710 650 versantur.
765 583 802 646 In
834 587 970 667 umeque
1001 584 1085 648 enim
1111 583 1288 665 fragmento
1315 581 1464 645 virtutem

319 690 559 775 praeferendam
590 711 659 756 esse
692 690 824 756 docetur
855 689 988 768 divitiis,
1025 710 1106 772 quae
1138 687 1242 754 fluxae
1272 689 1337 753 sint
1367 693 1465 770 atque

320 798 462 882 fragiles,
498 819 569 864 cum
606 797 664 862 illa
697 795 803 862 valeat
838 817 961 882 semper
996 803 1184 882 maneatque
1218 800 1378 880 perpetua
1432 793 1465 858 Is

319 927 393 971 vere
417 905 471 987 qui
494 905 552 971 hes
574 923 692 969 versus·
705 903 886 988 adscripsit,
914 925 984 970 cum
1011 901 1136 969 efficere
1159 902 1255 980 uellet
1276 899 1465 966 sententiam

320 1011 500 1078 absolutam
523 1017 556 1076 et
578 1011 744 1094 integram,
765 1011 904 1094 priorem
927 1009 1050 1077 Selenis
1071 1010 1288 1076 hexametrum
1306 1031 1327 1074 a
1343 1008 1466 1073 πολλοὶ

320 1109 390 1204 γὰρ
419 1119 621 1204 incipientem
653 1118 808 1184 levissime
841 1120 888 1184 ita
918 1119 1065 1194 mutavit,
1096 1125 1134 1182 ut
1161 1137 1218 1201 pro
1244 1107 1316 1200 γὰρ
1347 1114 1464 1179 substi-

320 1231 424 1291 tueret
446 1227 516 1291 τοί.
529 1227 555 1306 1)

377 1379 381 1388 ·
409 1329 512 1397 Simili
534 1332 574 1397 de
601 1353 697 1398 causa
718 1331 866 1397 videntur
893 1332 1005 1398 inserti
1028 1351 1095 1396 esse
1123 1352 1169 1396 vv.
1193 1329 1383 1406 eae-590,
1409 1328 1465 1411 qui

321 1461 391 1506 cum
418 1437 542 1504 Selenis
571 1439 647 1522 eleg.
676 1437 786 1521 fragm
810 1438 889 1504 XIII
916 1461 962 1502 vv.
986 1439 1118 1504 65--70
1141 1438 1354 1504 consentiunt:
1384 1455 1465 1517 qua-

321 1547 416 1612 drant
447 1546 531 1610 enim
563 1545 606 1611 ad
637 1565 783 1610 versuum
815 1553 848 1610 et
883 1545 1139 1630 praecedentium
1172 1551 1205 1610 et
1233 1542 1466 1626 insequentium

321 1651 518 1718 sententiam
575 1651 643 1731 Quo
672 1673 710 1717 ex
737 1652 806 1718 loce
833 1651 913 1718 bene
941 1651 1153 1734 cognoscitur,
1185 1673 1248 1734 qua
1275 1650 1466 1734 syllegarum

320 1765 465 1825 auctores
488 1758 618 1824 lieentia
641 1780 749 1824 versus
766 1759 927 1824 interdum
946 1758 1153 1825 tractaverint
1171 1764 1205 1823 et
1221 1754 1466 1822 immutaverint

322 1867 414 1950 Apud
438 1865 585 1932 Solonem
607 1865 692 1931 enim
715 1887 741 1929 v.
760 1866 804 1931 65
827 1865 944 1951 legitur
962 1872 1045 1931 πᾶσι
1064 1865 1102 1930 δέ
1119 1888 1182 1941 τοι,
1204 1865 1288 1950 apud
1306 1863 1466 1947 Theogni-

322 1973 395 2040 dem
418 1995 444 2037 v.
463 1973 529 2040 585
546 1973 651 2038 πᾶσίν
674 1995 736 2050 τοι,
759 1973 879 2038 scilicet
902 1973 976 2056 quia
999 1971 1035 2038 δέ
1057 1967 1146 2049 illud,
1168 1992 1208 2036 ne
1230 1970 1387 2036 sententia
1409 1989 1468 2054 per

321 2101 354 2146 ae
381 2079 528 2145 absoluta
555 2077 745 2156 efficeretur,
773 2080 995 2163 impedivisset.
1042 2079 1164 2144 Deinde
1191 2099 1249 2162 pre
1276 2077 1381 2143 verbis
1408 2075 1467 2142 Se-

320 2187 401 2252 lonis
433 2186 474 2272 (v.
498 2187 555 2272 67)
588 2173 626 2251 εὖ
657 2183 766 2272 ἕρδειν
798 2193 832 2251 et
863 2187 905 2271 (v.
933 2186 991 2272 69)
1019 2181 1152 2270 ἕρδοντι
1188 2187 1222 2250 in
1254 2183 1467 2268 Theognideis

321 2295 362 2377 (v.
381 2293 461 2378 587)
486 2285 674 2377 εὐδοκιμεῖν
696 2299 730 2358 et
748 2293 789 2378 (r.
808 2291 888 2378 589)
906 2299 1060 2358 ποιεῦντι
1079 2300 1243 2358 exaratum
1262 2297 1317 2358 est.
1362 2289 1467 2356 Dubi-

321 2400 384 2464 tari
407 2401 459 2464 vix
481 2405 599 2483 potest,
627 2401 703 2483 quin
731 2419 769 2464 ea
792 2421 872 2484 quae
895 2399 981 2482 apud
1004 2397 1150 2464 Solonem
1179 2397 1345 2464 exhibetur
1371 2397 1467 2462 lectio

321 2509 396 2590 quia
419 2513 467 2572 est
489 2506 660 2591 simplicior
682 2506 753 2572 ideo
775 2506 876 2591 magis
899 2506 1037 2590 genuina
1054 2507 1224 2572 iudicanda
1241 2504 1291 2571 sit.
1326 2505 1468 2588 Respon-

322 2614 398 2679 dent
425 2613 508 2678 enim
537 2613 655 2698 optimc
678 2612 832 2678 vocabula
858 2613 943 2696 apud
966 2611 1113 2678 Solonem
1146 2611 1195 2678 bIs
1226 2611 1330 2697 posita
1357 2607 1469 2696 ἕρδειν

322 2726 355 2784 et
382 2715 514 2804 ἕρδοντι
541 2719 637 2785 verbe
665 2715 821 2805 ἔργμασιν
852 2741 879 2783 v.
904 2720 946 2784 65
973 2719 1015 2784 ab
1043 2719 1152 2784 eadem
1180 2719 1286 2785 radice
1314 2719 1468 2784 derivate.

323 2827 461 2890 Primum
488 2826 587 2910 igitur
613 2828 837 2910 grammaticus
864 2826 1005 2910 quidam,
1036 2832 1073 2890 ut
1100 2827 1250 2902 variaret,
1278 2817 1469 2909 εὐδοκιμεῖν

322 2955 380 3016 pre
403 2919 441 2997 εὖ
464 2930 573 3019 ἕρδειν
596 2935 629 2997 in
651 2940 774 2999 textum
796 2933 921 2999 ridetur
944 2934 1111 3016 recepisse,
1134 2933 1215 2998 alius
1238 2931 1373 2998 fortasse
1395 2951 1469 2995 sen-

322 3042 441 3106 tentiae
473 3039 679 3106 illustrandae
711 3059 807 3105 eausa
837 3047 991 3106 ποιεῦντι
1018 3061 1076 3125 pro
1104 3035 1237 3123 i'pdovrr
1265 3040 1299 3103 in
1325 3037 1469 3121 margine

322 3146 503 3229 adscripsit,
540 3167 621 3231 quae
658 3147 848 3230 glossemata
879 3167 899 3213 a
930 3148 1045 3230 prleris
1076 3145 1215 3231 syllegae
1247 3145 1468 3229 Theognideae

322 3259 451 3326 auctore
477 3254 510 3317 in
539 3258 629 3318 textu
656 3263 780 3318 servata
808 3261 889 3319 sunt.
936 3255 1027 3332 Quod
1051 3255 1186 3338 denique
1213 3252 1298 3337 apud
1321 3249 1468 3317 Solonem

322 3383 349 3423 v.
373 3359 415 3424 69
445 3359 596 3437 δίδωσιν,
623 3361 708 3444 apud
735 3360 949 3444 Theognidem
982 3383 1010 3425 v.
1034 3360 1099 3426 589
1128 3361 1264 3446 τίθησιν
1291 3357 1469 3433 exhibetur,

322 3465 356 3530 id
387 3464 526 3530 librariis
558 3465 738 3543 tribuerim,
770 3467 824 3550 qui
857 3466 1010 3532 vocabula
1041 3467 1097 3532 illa
1128 3467 1297 3532 sescenties
1324 3466 1407 3530 inter
1434 3485 1469 3530 se

323 3577 564 3639 commutarunt.

411 3679 479 3744 Iam
506 3679 646 3745 breviter
668 3681 695 3744 si
718 3680 823 3763 placet
845 3681 942 3746 alium
965 3680 1213 3766 contemplemur
1235 3680 1346 3746 locum.
1392 3677 1469 3742 Post

322 3808 350 3851 v.
375 3785 439 3850 718
463 3786 556 3862 enim,
579 3786 633 3869 qui
652 3787 777 3871 longius
795 3788 914 3872 elegiae
932 3787 1142 3872 fragmentum
1161 3787 1290 3862 claudIt,
1314 3785 1469 3870 quaedam

324 3893 459 3956 alierum
482 3895 646 3974 poetarum
670 3893 847 3977 fragmenta
869 3895 989 3960 inserta
1006 3900 1088 3959 sunt.
1125 3892 1208 3958 Sane
1225 3915 1272 3958 vv.
1293 3892 1468 3958 tia-728

324 3997 447 4064 Selenis
480 3997 604 4082 (fragm,
632 3999 752 4086 XXIV)
784 4007 872 4079 suut,
905 4001 1069 4085 eidemque
1100 4003 1214 4083 politae
1246 4021 1368 4066 summa
1399 4021 1469 4065 cum

322 4104 548 4187 probabilitate
584 4129 630 4172 vv.
665 4107 839 4172 731-742
872 4114 905 4173 et
941 4129 988 4172 vr.
1023 4107 1201 4172 ica-752
1238 4107 1431 4172 tribuuntur.
1441 4107 1469 4193 8)

415 4265 433 4321 ι
453 4226 593 4334 οἶμαι
612 4283 638 4335 p.
659 4267 692 4320 u
712 4267 747 4321 ae
766 4283 807 4320 vv.
827 4268 887 4322 aer.
908 4267 960 4322 aes
981 4293 1012 4310 2-
1035 4267 1131 4320 nare
1155 4265 1189 4320 ee
1212 4263 1399 4336 pertrectare
1418 4267 1467 4322 ιε-

324 4351 485 4408 ηοιιιιίιιιιιι.

413 4441 433 4508 ²)
452 4441 501 4498 cfr.
521 4443 669 4513 Bergkiurn
689 4445 723 4500 ad
744 4409 793 4500 lios
814 4461 915 4500 verses.
