<?xml version="1.0" encoding="UTF-8"?>
<!DOCTYPE html PUBLIC "-//W3C//DTD XHTML 1.0 Transitional//EN"
    "http://www.w3.org/TR/xhtml1/DTD/xhtml1-transitional.dtd">
<html xmlns="http://www.w3.org/1999/xhtml" xml:lang="en" lang="en">
 <head>
  <title>
</title>
<meta http-equiv="Content-Type" content="text/html;charset=utf-8" />
  <meta name='ocr-system' content='tesseract 3.04.00' />
  <meta name='ocr-capabilities' content='ocr_page ocr_carea ocr_par ocr_line ocrx_word'/>
</head>
<body>
  <div class='ocr_page' id='page_1' title='image "./dissertationesp01stragoog_0479.png"; bbox 0 0 3262 4926; ppageno 0'>
   <div class='ocr_carea' id='block_1_1' title="bbox 819 405 1032 465">
    <p class='ocr_par' dir='ltr' id='par_1_1' title="bbox 819 405 1032 465">
     <span class='ocr_line' id='line_1_1' title="bbox 819 405 1032 465; baseline 0 -11"><span class='ocrx_word' id='word_1_1' title='bbox 819 405 1032 465; x_wconf 59' lang='grc' dir='ltr'><em>,0οψ</em></span> 
     </span>
    </p>
   </div>
   <div class='ocr_carea' id='block_1_2' title="bbox 360 587 1518 984">
    <p class='ocr_par' dir='ltr' id='par_1_2' title="bbox 360 587 1518 984">
     <span class='ocr_line' id='line_1_2' title="bbox 361 587 1518 678; baseline -0.008 -19"><span class='ocrx_word' id='word_1_2' title='bbox 361 593 556 678; x_wconf 81' lang='lat' dir='ltr'><strong>compositas</strong></span> <span class='ocrx_word' id='word_1_3' title='bbox 586 610 674 658; x_wconf 89' lang='lat' dir='ltr'><strong>esse:</strong></span> <span class='ocrx_word' id='word_1_4' title='bbox 716 611 756 656; x_wconf 80' lang='lat' dir='ltr'><strong>ex</strong></span> <span class='ocrx_word' id='word_1_5' title='bbox 783 591 883 658; x_wconf 85' lang='lat' dir='ltr'><strong>variis</strong></span> <span class='ocrx_word' id='word_1_6' title='bbox 919 589 1091 674; x_wconf 89' lang='lat' dir='ltr'><strong>generibus</strong></span> <span class='ocrx_word' id='word_1_7' title='bbox 1124 589 1300 654; x_wconf 85' lang='lat' dir='ltr'><strong>litterarum</strong></span> <span class='ocrx_word' id='word_1_8' title='bbox 1332 587 1439 652; x_wconf 85' lang='lat' dir='ltr'><strong>verba</strong></span> <span class='ocrx_word' id='word_1_9' title='bbox 1474 605 1518 650; x_wconf 84' lang='lat' dir='ltr'><strong>ae</strong></span> 
     </span>
     <span class='ocr_line' id='line_1_3' title="bbox 360 689 1517 779; baseline -0.008 -17"><span class='ocrx_word' id='word_1_10' title='bbox 360 716 471 762; x_wconf 87' lang='lat' dir='ltr'><strong>versus</strong></span> <span class='ocrx_word' id='word_1_11' title='bbox 494 695 671 779; x_wconf 76' lang='lat' dir='ltr'><strong>composita</strong></span> <span class='ocrx_word' id='word_1_12' title='bbox 699 714 773 762; x_wconf 89' lang='grc'><em>0000</em></span> <span class='ocrx_word' id='word_1_13' title='bbox 802 694 909 762; x_wconf 84' lang='lat' dir='ltr'><strong>dicere</strong></span> <span class='ocrx_word' id='word_1_14' title='bbox 936 713 999 759; x_wconf 92' lang='lat' dir='ltr'><strong>uon</strong></span> <span class='ocrx_word' id='word_1_15' title='bbox 1022 693 1136 778; x_wconf 90' lang='lat' dir='ltr'><strong>potuit.</strong></span> <span class='ocrx_word' id='word_1_16' title='bbox 1184 691 1248 758; x_wconf 89' lang='lat' dir='ltr'><strong>Sed</strong></span> <span class='ocrx_word' id='word_1_17' title='bbox 1270 689 1403 757; x_wconf 89' lang='lat' dir='ltr'><strong>etiamsi</strong></span> <span class='ocrx_word' id='word_1_18' title='bbox 1427 708 1517 755; x_wconf 88' lang='lat' dir='ltr'><strong>eon-</strong></span> 
     </span>
     <span class='ocr_line' id='line_1_4' title="bbox 360 791 1516 882; baseline -0.01 -17"><span class='ocrx_word' id='word_1_19' title='bbox 360 799 512 865; x_wconf 83' lang='lat' dir='ltr'><strong>cedamus</strong></span> <span class='ocrx_word' id='word_1_20' title='bbox 542 805 670 882; x_wconf 90' lang='lat' dir='ltr'><strong>poetam</strong></span> <span class='ocrx_word' id='word_1_21' title='bbox 699 797 732 862; x_wconf 91' lang='lat' dir='ltr'><strong>id</strong></span> <span class='ocrx_word' id='word_1_22' title='bbox 762 804 886 863; x_wconf 83' lang='lat' dir='ltr'><strong>tanturn</strong></span> <span class='ocrx_word' id='word_1_23' title='bbox 909 797 1128 863; x_wconf 87' lang='lat' dir='ltr'><strong>demonstrare</strong></span> <span class='ocrx_word' id='word_1_24' title='bbox 1150 793 1308 873; x_wconf 87' lang='lat' dir='ltr'><strong>voluisse,</strong></span> <span class='ocrx_word' id='word_1_25' title='bbox 1336 812 1378 858; x_wconf 86' lang='lat' dir='ltr'><strong>ex</strong></span> <span class='ocrx_word' id='word_1_26' title='bbox 1402 791 1516 856; x_wconf 86' lang='lat' dir='ltr'><strong>variis</strong></span> 
     </span>
     <span class='ocr_line' id='line_1_5' title="bbox 360 893 1514 984; baseline -0.007 -18"><span class='ocrx_word' id='word_1_27' title='bbox 360 901 456 966; x_wconf 82' lang='lat' dir='ltr'><strong>rebus</strong></span> <span class='ocrx_word' id='word_1_28' title='bbox 479 919 575 965; x_wconf 92' lang='lat' dir='ltr'><strong>unam</strong></span> <span class='ocrx_word' id='word_1_29' title='bbox 597 919 753 966; x_wconf 87' lang='lat' dir='ltr'><strong>summam</strong></span> <span class='ocrx_word' id='word_1_30' title='bbox 777 899 890 966; x_wconf 89' lang='lat' dir='ltr'><strong>oonfioi</strong></span> <span class='ocrx_word' id='word_1_31' title='bbox 912 918 1017 984; x_wconf 87' lang='lat' dir='ltr'><strong>posse,</strong></span> <span class='ocrx_word' id='word_1_32' title='bbox 1043 904 1151 964; x_wconf 87' lang='lat' dir='ltr'><strong>tamen</strong></span> <span class='ocrx_word' id='word_1_33' title='bbox 1173 897 1221 963; x_wconf 89' lang='lat' dir='ltr'><strong>illi</strong></span> <span class='ocrx_word' id='word_1_34' title='bbox 1243 913 1356 962; x_wconf 83' lang='lat' dir='ltr'><strong>versus</strong></span> <span class='ocrx_word' id='word_1_35' title='bbox 1380 893 1514 978; x_wconf 81' lang='lat' dir='ltr'>singuli</span> 
     </span>
    </p>
   </div>
   <div class='ocr_carea' id='block_1_3' title="bbox 361 997 1610 1088">
    <p class='ocr_par' dir='ltr' id='par_1_3' title="bbox 361 997 1610 1088">
     <span class='ocr_line' id='line_1_6' title="bbox 361 997 1610 1088; baseline -0.006 -20"><span class='ocrx_word' id='word_1_36' title='bbox 361 1003 442 1069; x_wconf 89' lang='lat' dir='ltr'><strong>satis</strong></span> <span class='ocrx_word' id='word_1_37' title='bbox 471 1003 590 1070; x_wconf 89' lang='lat' dir='ltr'><strong>multas</strong></span> <span class='ocrx_word' id='word_1_38' title='bbox 620 1002 815 1070; x_wconf 86' lang='lat' dir='ltr'><strong>offensiones</strong></span> <span class='ocrx_word' id='word_1_39' title='bbox 838 1003 1005 1088; x_wconf 79' lang='lat' dir='ltr'><strong>praebent.</strong></span> <span class='ocrx_word' id='word_1_40' title='bbox 1051 1003 1158 1083; x_wconf 85' lang='lat' dir='ltr'><strong>Atque</strong></span> <span class='ocrx_word' id='word_1_41' title='bbox 1187 1000 1267 1065; x_wconf 88' lang='lat' dir='ltr'><strong>illud</strong></span> <span class='ocrx_word' id='word_1_42' title='bbox 1297 1001 1382 1062; x_wconf 71' lang='lat' dir='ltr'><strong>inter</strong></span> <span class='ocrx_word' id='word_1_43' title='bbox 1405 1021 1443 1062; x_wconf 80' lang='lat' dir='ltr'><strong>oe</strong></span> <span class='ocrx_word' id='word_1_44' title='bbox 1477 997 1514 1062; x_wconf 91' lang='lat' dir='ltr'><strong>in</strong></span> <span class='ocrx_word' id='word_1_45' title='bbox 1609 1019 1610 1022; x_wconf 43' lang='lat'>¹</span> 
     </span>
    </p>
   </div>
   <div class='ocr_carea' id='block_1_4' title="bbox 360 1100 1514 1804">
    <p class='ocr_par' dir='ltr' id='par_1_4' title="bbox 360 1100 1514 1804">
     <span class='ocr_line' id='line_1_7' title="bbox 361 1100 1514 1188; baseline -0.004 -19"><span class='ocrx_word' id='word_1_46' title='bbox 361 1125 392 1169; x_wconf 88' lang='lat' dir='ltr'><strong>v.</strong></span> <span class='ocrx_word' id='word_1_47' title='bbox 419 1107 481 1169; x_wconf 82' lang='lat'><strong>690</strong></span> <span class='ocrx_word' id='word_1_48' title='bbox 515 1103 672 1188; x_wconf 90' lang='lat' dir='ltr'><strong>quomodo</strong></span> <span class='ocrx_word' id='word_1_49' title='bbox 705 1104 924 1188; x_wconf 82' lang='lat' dir='ltr'><strong>intellegatur,</strong></span> <span class='ocrx_word' id='word_1_50' title='bbox 960 1105 1082 1172; x_wconf 87' lang='lat' dir='ltr'><strong>neseio.</strong></span> <span class='ocrx_word' id='word_1_51' title='bbox 1128 1104 1212 1169; x_wconf 88' lang='lat' dir='ltr'><strong>Nam</strong></span> <span class='ocrx_word' id='word_1_52' title='bbox 1245 1101 1330 1185; x_wconf 90' lang='lat' dir='ltr'><strong>quod</strong></span> <span class='ocrx_word' id='word_1_53' title='bbox 1364 1100 1399 1166; x_wconf 92' lang='lat' dir='ltr'><strong>in</strong></span> <span class='ocrx_word' id='word_1_54' title='bbox 1430 1100 1514 1165; x_wconf 84' lang='lat' dir='ltr'><strong>libri</strong></span> 
     </span>
     <span class='ocr_line' id='line_1_8' title="bbox 360 1207 919 1292; baseline 0.002 -20"><span class='ocrx_word' id='word_1_55' title='bbox 360 1207 454 1292; x_wconf 88' lang='lat' dir='ltr'><strong>primi</strong></span> <span class='ocrx_word' id='word_1_56' title='bbox 477 1207 622 1274; x_wconf 87' lang='lat' dir='ltr'><strong>versibus</strong></span> <span class='ocrx_word' id='word_1_57' title='bbox 646 1209 720 1272; x_wconf 79' lang='lat'><strong>825.</strong></span> <span class='ocrx_word' id='word_1_58' title='bbox 739 1212 758 1273; x_wconf 85' lang='lat'><strong>6</strong></span> <span class='ocrx_word' id='word_1_59' title='bbox 781 1207 919 1292; x_wconf 86' lang='lat' dir='ltr'><strong>legimus</strong></span> 
     </span>
     <span class='ocr_line' id='line_1_9' title="bbox 491 1310 1328 1375; baseline -0.005 -1"><span class='ocrx_word' id='word_1_60' title='bbox 491 1332 560 1374; x_wconf 82' lang='lat' dir='ltr'><strong>eum</strong></span> <span class='ocrx_word' id='word_1_61' title='bbox 584 1318 686 1374; x_wconf 81' lang='lat' dir='ltr'><strong>tumen</strong></span> <span class='ocrx_word' id='word_1_62' title='bbox 708 1311 790 1374; x_wconf 79' lang='lat' dir='ltr'><strong>iuter</strong></span> <span class='ocrx_word' id='word_1_63' title='bbox 813 1332 846 1374; x_wconf 80' lang='lat' dir='ltr'><strong>ae</strong></span> <span class='ocrx_word' id='word_1_64' title='bbox 868 1331 976 1374; x_wconf 80' lang='lat' dir='ltr'><strong>uersas</strong></span> <span class='ocrx_word' id='word_1_65' title='bbox 997 1333 1035 1375; x_wconf 85' lang='lat' dir='ltr'><strong>ac</strong></span> <span class='ocrx_word' id='word_1_66' title='bbox 1057 1310 1152 1374; x_wconf 81' lang='lat' dir='ltr'><strong>uerbo</strong></span> <span class='ocrx_word' id='word_1_67' title='bbox 1174 1315 1328 1372; x_wconf 79' lang='lat' dir='ltr'><strong>necessest</strong></span> 
     </span>
     <span class='ocr_line' id='line_1_10' title="bbox 491 1411 1243 1498; baseline -0.001 -22"><span class='ocrx_word' id='word_1_68' title='bbox 491 1413 657 1498; x_wconf 79' lang='lat' dir='ltr'><strong>corpitoure</strong></span> <span class='ocrx_word' id='word_1_69' title='bbox 679 1422 710 1478; x_wconf 85' lang='lat' dir='ltr'><strong>et</strong></span> <span class='ocrx_word' id='word_1_70' title='bbox 731 1435 767 1478; x_wconf 85' lang='lat' dir='ltr'><strong>re</strong></span> <span class='ocrx_word' id='word_1_71' title='bbox 789 1423 820 1478; x_wconf 86' lang='lat' dir='ltr'><strong>et</strong></span> <span class='ocrx_word' id='word_1_72' title='bbox 841 1412 945 1478; x_wconf 73' lang='lat' dir='ltr'><strong>som&#39;ru</strong></span> <span class='ocrx_word' id='word_1_73' title='bbox 967 1413 1087 1478; x_wconf 62' lang='lat' dir='ltr'><strong>dature</strong></span> <span class='ocrx_word' id='word_1_74' title='bbox 1109 1411 1243 1492; x_wconf 71' lang='lat' dir='ltr'><strong>amanti,</strong></span> 
     </span>
     <span class='ocr_line' id='line_1_11' title="bbox 360 1512 1511 1600; baseline -0.003 -20"><span class='ocrx_word' id='word_1_75' title='bbox 360 1534 492 1600; x_wconf 89' lang='lat' dir='ltr'><strong>prorsus</strong></span> <span class='ocrx_word' id='word_1_76' title='bbox 515 1521 636 1582; x_wconf 80' lang='lat' dir='ltr'><strong>reatum</strong></span> <span class='ocrx_word' id='word_1_77' title='bbox 659 1522 725 1594; x_wconf 89' lang='lat' dir='ltr'><strong>est,</strong></span> <span class='ocrx_word' id='word_1_78' title='bbox 757 1535 830 1581; x_wconf 85' lang='lat' dir='ltr'><strong>eum</strong></span> <span class='ocrx_word' id='word_1_79' title='bbox 853 1516 935 1579; x_wconf 69' lang='lat' dir='ltr'><strong>intur</strong></span> <span class='ocrx_word' id='word_1_80' title='bbox 957 1538 990 1580; x_wconf 80' lang='lat' dir='ltr'><strong>se</strong></span> <span class='ocrx_word' id='word_1_81' title='bbox 1011 1515 1054 1582; x_wconf 85' lang='lat' dir='ltr'><strong>ad</strong></span> <span class='ocrx_word' id='word_1_82' title='bbox 1075 1515 1193 1579; x_wconf 62' lang='lat' dir='ltr'><strong>dature</strong></span> <span class='ocrx_word' id='word_1_83' title='bbox 1214 1512 1373 1597; x_wconf 85' lang='lat' dir='ltr'><strong>pertineat</strong></span> <span class='ocrx_word' id='word_1_84' title='bbox 1396 1529 1511 1592; x_wconf 87' lang='lat' dir='ltr'><strong>neque</strong></span> 
     </span>
     <span class='ocr_line' id='line_1_12' title="bbox 361 1613 1510 1702; baseline -0.005 -21"><span class='ocrx_word' id='word_1_85' title='bbox 361 1617 428 1682; x_wconf 93' lang='lat' dir='ltr'><strong>ullo</strong></span> <span class='ocrx_word' id='word_1_86' title='bbox 450 1617 544 1683; x_wconf 87' lang='lat' dir='ltr'><strong>modo</strong></span> <span class='ocrx_word' id='word_1_87' title='bbox 566 1617 681 1684; x_wconf 89' lang='lat' dir='ltr'><strong>abesse</strong></span> <span class='ocrx_word' id='word_1_88' title='bbox 710 1618 823 1702; x_wconf 88' lang='lat' dir='ltr'><strong>possit.</strong></span> <span class='ocrx_word' id='word_1_89' title='bbox 869 1617 938 1684; x_wconf 82' lang='lat' dir='ltr'><strong>llos</strong></span> <span class='ocrx_word' id='word_1_90' title='bbox 967 1637 1044 1684; x_wconf 80' lang='lat' dir='ltr'><strong>vero</strong></span> <span class='ocrx_word' id='word_1_91' title='bbox 1073 1618 1144 1683; x_wconf 86' lang='lat' dir='ltr'><strong>loeo</strong></span> <span class='ocrx_word' id='word_1_92' title='bbox 1173 1615 1239 1681; x_wconf 81' lang='lat' dir='ltr'><strong>aliu</strong></span> <span class='ocrx_word' id='word_1_93' title='bbox 1268 1637 1306 1678; x_wconf 76' lang='lat' dir='ltr'><strong>ee</strong></span> <span class='ocrx_word' id='word_1_94' title='bbox 1334 1613 1410 1677; x_wconf 71' lang='lat' dir='ltr'><strong>alitis</strong></span> <span class='ocrx_word' id='word_1_95' title='bbox 1440 1613 1510 1676; x_wconf 72' lang='lat' dir='ltr'><strong>ele-</strong></span> 
     </span>
     <span class='ocr_line' id='line_1_13' title="bbox 360 1716 1507 1804; baseline -0.003 -23"><span class='ocrx_word' id='word_1_96' title='bbox 360 1717 474 1782; x_wconf 81' lang='lat' dir='ltr'><strong>mentia</strong></span> <span class='ocrx_word' id='word_1_97' title='bbox 496 1727 638 1784; x_wconf 79' lang='lat' dir='ltr'><strong>constare</strong></span> <span class='ocrx_word' id='word_1_98' title='bbox 660 1720 762 1785; x_wconf 86' lang='lat' dir='ltr'><strong>solum</strong></span> <span class='ocrx_word' id='word_1_99' title='bbox 785 1726 893 1804; x_wconf 85' lang='lat' dir='ltr'><strong>potest</strong></span> <span class='ocrx_word' id='word_1_100' title='bbox 915 1719 993 1800; x_wconf 86' lang='lat' dir='ltr'><strong>diei,</strong></span> <span class='ocrx_word' id='word_1_101' title='bbox 1025 1720 1109 1784; x_wconf 78' lang='lat' dir='ltr'><strong>inter</strong></span> <span class='ocrx_word' id='word_1_102' title='bbox 1135 1742 1167 1783; x_wconf 81' lang='lat' dir='ltr'><strong>so</strong></span> <span class='ocrx_word' id='word_1_103' title='bbox 1189 1717 1256 1783; x_wconf 73' lang='lat' dir='ltr'><strong>ulia</strong></span> <span class='ocrx_word' id='word_1_104' title='bbox 1278 1739 1317 1781; x_wconf 77' lang='lat' dir='ltr'><strong>ex</strong></span> <span class='ocrx_word' id='word_1_105' title='bbox 1338 1716 1415 1780; x_wconf 74' lang='lat' dir='ltr'><strong>aliis</strong></span> <span class='ocrx_word' id='word_1_106' title='bbox 1437 1717 1507 1780; x_wconf 82' lang='lat' dir='ltr'><strong>ele·</strong></span> 
     </span>
    </p>
   </div>
   <div class='ocr_carea' id='block_1_5' title="bbox 361 1819 1612 1904">
    <p class='ocr_par' dir='ltr' id='par_1_5' title="bbox 361 1819 1612 1904">
     <span class='ocr_line' id='line_1_14' title="bbox 361 1819 1612 1904; baseline 0.001 -21"><span class='ocrx_word' id='word_1_107' title='bbox 361 1821 473 1884; x_wconf 78' lang='lat' dir='ltr'><strong>meotis</strong></span> <span class='ocrx_word' id='word_1_108' title='bbox 500 1830 643 1886; x_wconf 79' lang='lat' dir='ltr'><strong>constare</strong></span> <span class='ocrx_word' id='word_1_109' title='bbox 671 1821 752 1887; x_wconf 91' lang='lat' dir='ltr'><strong>nihil</strong></span> <span class='ocrx_word' id='word_1_110' title='bbox 782 1829 842 1889; x_wconf 88' lang='lat' dir='ltr'><strong>est.</strong></span> <span class='ocrx_word' id='word_1_111' title='bbox 890 1822 1016 1889; x_wconf 79' lang='lat' dir='ltr'><strong>Deinde</strong></span> <span class='ocrx_word' id='word_1_112' title='bbox 1049 1821 1213 1888; x_wconf 85' lang='lat' dir='ltr'><strong>enuntiato</strong></span> <span class='ocrx_word' id='word_1_113' title='bbox 1242 1820 1395 1904; x_wconf 87' lang='lat' dir='ltr'><strong>primario</strong></span> <span class='ocrx_word' id='word_1_114' title='bbox 1425 1819 1506 1903; x_wconf 77' lang='lat' dir='ltr'><strong>quin</strong></span> <span class='ocrx_word' id='word_1_115' title='bbox 1611 1863 1612 1884; x_wconf 58' lang='grc' dir='ltr'>ι</span> 
     </span>
    </p>
   </div>
   <div class='ocr_carea' id='block_1_6' title="bbox 361 1923 1506 2112">
    <p class='ocr_par' dir='ltr' id='par_1_6' title="bbox 361 1923 1506 2112">
     <span class='ocr_line' id='line_1_15' title="bbox 361 1923 1506 1990; baseline -0.002 -3"><span class='ocrx_word' id='word_1_116' title='bbox 361 1924 456 1988; x_wconf 82' lang='lat' dir='ltr'><strong>otium</strong></span> <span class='ocrx_word' id='word_1_117' title='bbox 477 1925 578 1990; x_wconf 83' lang='lat' dir='ltr'><strong>multa</strong></span> <span class='ocrx_word' id='word_1_118' title='bbox 607 1925 759 1990; x_wconf 78' lang='lat' dir='ltr'><strong>elemento</strong></span> <span class='ocrx_word' id='word_1_119' title='bbox 787 1926 873 1990; x_wconf 83' lang='lat' dir='ltr'><strong>videa</strong></span> <span class='ocrx_word' id='word_1_120' title='bbox 902 1927 1009 1990; x_wconf 79' lang='lat' dir='ltr'><strong>multia</strong></span> <span class='ocrx_word' id='word_1_121' title='bbox 1038 1925 1212 1990; x_wconf 81' lang='lat' dir='ltr'><strong>commuuio</strong></span> <span class='ocrx_word' id='word_1_122' title='bbox 1242 1923 1344 1988; x_wconf 79' lang='lat' dir='ltr'><strong>uerbis</strong></span> <span class='ocrx_word' id='word_1_123' title='bbox 1370 1923 1506 1988; x_wconf 91' lang='lat' dir='ltr'><strong>omnino</strong></span> 
     </span>
     <span class='ocr_line' id='line_1_16' title="bbox 362 2026 1506 2112; baseline -0.003 -22"><span class='ocrx_word' id='word_1_124' title='bbox 362 2034 521 2110; x_wconf 85' lang='lat' dir='ltr'><strong>repugnat</strong></span> <span class='ocrx_word' id='word_1_125' title='bbox 548 2026 773 2094; x_wconf 79' lang='lat' dir='ltr'><strong>secundarium</strong></span> <span class='ocrx_word' id='word_1_126' title='bbox 802 2029 969 2112; x_wconf 71' lang='lat' dir='ltr'><strong>coafiteara</strong></span> <span class='ocrx_word' id='word_1_127' title='bbox 997 2037 1150 2092; x_wconf 79' lang='lat' dir='ltr'><strong>necessest</strong></span> <span class='ocrx_word' id='word_1_128' title='bbox 1177 2028 1243 2092; x_wconf 83' lang='lat' dir='ltr'><strong>ulio</strong></span> <span class='ocrx_word' id='word_1_129' title='bbox 1271 2049 1310 2091; x_wconf 78' lang='lat' dir='ltr'><strong>eu</strong></span> <span class='ocrx_word' id='word_1_130' title='bbox 1339 2026 1415 2090; x_wconf 68' lang='lat' dir='ltr'><strong>aliis</strong></span> <span class='ocrx_word' id='word_1_131' title='bbox 1436 2027 1506 2088; x_wconf 84' lang='lat' dir='ltr'><strong>ele-</strong></span> 
     </span>
    </p>
   </div>
   <div class='ocr_carea' id='block_1_7' title="bbox 362 2129 1612 2198">
    <p class='ocr_par' dir='ltr' id='par_1_7' title="bbox 362 2129 1612 2198">
     <span class='ocr_line' id='line_1_17' title="bbox 362 2129 1612 2198; baseline 0.001 -6"><span class='ocrx_word' id='word_1_132' title='bbox 362 2130 474 2194; x_wconf 77' lang='lat' dir='ltr'><strong>mentis</strong></span> <span class='ocrx_word' id='word_1_133' title='bbox 496 2139 649 2195; x_wconf 80' lang='lat' dir='ltr'><strong>constare.</strong></span> <span class='ocrx_word' id='word_1_134' title='bbox 696 2130 804 2197; x_wconf 88' lang='lat' dir='ltr'><strong>Verba</strong></span> <span class='ocrx_word' id='word_1_135' title='bbox 825 2132 910 2197; x_wconf 91' lang='lat' dir='ltr'><strong>enim</strong></span> <span class='ocrx_word' id='word_1_136' title='bbox 933 2132 961 2198; x_wconf 90' lang='lat' dir='ltr'><strong>si</strong></span> <span class='ocrx_word' id='word_1_137' title='bbox 983 2132 1049 2198; x_wconf 91' lang='lat' dir='ltr'><strong>alia</strong></span> <span class='ocrx_word' id='word_1_138' title='bbox 1071 2151 1113 2198; x_wconf 84' lang='lat' dir='ltr'><strong>ex</strong></span> <span class='ocrx_word' id='word_1_139' title='bbox 1136 2131 1210 2197; x_wconf 89' lang='lat' dir='ltr'><strong>aliis</strong></span> <span class='ocrx_word' id='word_1_140' title='bbox 1232 2129 1401 2196; x_wconf 85' lang='lat' dir='ltr'><strong>elementis</strong></span> <span class='ocrx_word' id='word_1_141' title='bbox 1423 2148 1506 2194; x_wconf 90' lang='lat' dir='ltr'><strong>oon-</strong></span> <span class='ocrx_word' id='word_1_142' title='bbox 1611 2155 1612 2160; x_wconf 42' lang='lat'>¹</span> 
     </span>
    </p>
   </div>
   <div class='ocr_carea' id='block_1_8' title="bbox 361 2230 1505 2625">
    <p class='ocr_par' dir='ltr' id='par_1_8' title="bbox 361 2230 1505 2625">
     <span class='ocr_line' id='line_1_18' title="bbox 361 2230 1505 2318; baseline -0.003 -22"><span class='ocrx_word' id='word_1_143' title='bbox 361 2237 457 2314; x_wconf 86' lang='lat' dir='ltr'><strong>stant,</strong></span> <span class='ocrx_word' id='word_1_144' title='bbox 471 2232 629 2314; x_wconf 87' lang='lat' dir='ltr'><strong>siquidem</strong></span> <span class='ocrx_word' id='word_1_145' title='bbox 641 2232 809 2299; x_wconf 87' lang='lat' dir='ltr'><strong>formulam</strong></span> <span class='ocrx_word' id='word_1_146' title='bbox 822 2233 889 2298; x_wconf 82' lang='lat' dir='ltr'><strong>olio</strong></span> <span class='ocrx_word' id='word_1_147' title='bbox 901 2257 939 2297; x_wconf 80' lang='lat' dir='ltr'><strong>ea</strong></span> <span class='ocrx_word' id='word_1_148' title='bbox 951 2234 1024 2300; x_wconf 79' lang='lat' dir='ltr'><strong>otiis</strong></span> <span class='ocrx_word' id='word_1_149' title='bbox 1036 2241 1122 2300; x_wconf 86' lang='lat' dir='ltr'><strong>reete</strong></span> <span class='ocrx_word' id='word_1_150' title='bbox 1133 2232 1301 2318; x_wconf 85' lang='lat' dir='ltr'><strong>perspicio,</strong></span> <span class='ocrx_word' id='word_1_151' title='bbox 1313 2232 1405 2297; x_wconf 88' lang='lat' dir='ltr'><strong>nulla</strong></span> <span class='ocrx_word' id='word_1_152' title='bbox 1416 2230 1505 2294; x_wconf 89' lang='lat' dir='ltr'><strong>inter</strong></span> 
     </span>
     <span class='ocr_line' id='line_1_19' title="bbox 361 2333 1502 2420; baseline -0.004 -20"><span class='ocrx_word' id='word_1_153' title='bbox 361 2353 397 2400; x_wconf 92' lang='lat' dir='ltr'><strong>se</strong></span> <span class='ocrx_word' id='word_1_154' title='bbox 419 2333 538 2402; x_wconf 88' lang='lat' dir='ltr'><strong>habeut</strong></span> <span class='ocrx_word' id='word_1_155' title='bbox 560 2335 739 2402; x_wconf 84' lang='lat' dir='ltr'><strong>eommunia</strong></span> <span class='ocrx_word' id='word_1_156' title='bbox 761 2337 930 2403; x_wconf 86' lang='lat' dir='ltr'><strong>elementa.</strong></span> <span class='ocrx_word' id='word_1_157' title='bbox 971 2337 1014 2403; x_wconf 89' lang='lat' dir='ltr'><strong>Ut</strong></span> <span class='ocrx_word' id='word_1_158' title='bbox 1035 2343 1142 2402; x_wconf 90' lang='lat' dir='ltr'><strong>autem</strong></span> <span class='ocrx_word' id='word_1_159' title='bbox 1164 2341 1376 2420; x_wconf 71' lang='lat' dir='ltr'><strong>praeteream,</strong></span> <span class='ocrx_word' id='word_1_160' title='bbox 1404 2353 1502 2416; x_wconf 87' lang='lat' dir='ltr'><strong>quam</strong></span> 
     </span>
     <span class='ocr_line' id='line_1_20' title="bbox 361 2437 1504 2506; baseline -0.004 -3"><span class='ocrx_word' id='word_1_161' title='bbox 361 2437 403 2503; x_wconf 88' lang='lat' dir='ltr'><strong>sit</strong></span> <span class='ocrx_word' id='word_1_162' title='bbox 425 2437 506 2504; x_wconf 86' lang='lat' dir='ltr'><strong>mira</strong></span> <span class='ocrx_word' id='word_1_163' title='bbox 528 2437 609 2504; x_wconf 88' lang='lat' dir='ltr'><strong>haee</strong></span> <span class='ocrx_word' id='word_1_164' title='bbox 631 2438 799 2505; x_wconf 87' lang='lat' dir='ltr'><strong>verborum</strong></span> <span class='ocrx_word' id='word_1_165' title='bbox 823 2438 1002 2506; x_wconf 88' lang='lat' dir='ltr'><strong>ooniunotio</strong></span> <span class='ocrx_word' id='word_1_166' title='bbox 1019 2439 1053 2504; x_wconf 94' lang='lat' dir='ltr'><strong>in</strong></span> <span class='ocrx_word' id='word_1_167' title='bbox 1068 2459 1163 2506; x_wconf 85' lang='lat' dir='ltr'><strong>versu</strong></span> <span class='ocrx_word' id='word_1_168' title='bbox 1181 2441 1242 2503; x_wconf 77' lang='grc'><strong>692</strong></span> <span class='ocrx_word' id='word_1_169' title='bbox 1258 2437 1429 2502; x_wconf 68' lang='lat' dir='ltr'><strong>eommunis</strong></span> <span class='ocrx_word' id='word_1_170' title='bbox 1445 2437 1504 2499; x_wconf 65' lang='lat' dir='ltr'><strong>uft-</strong></span> 
     </span>
     <span class='ocr_line' id='line_1_21' title="bbox 363 2540 1504 2625; baseline 0.003 -23"><span class='ocrx_word' id='word_1_171' title='bbox 363 2549 431 2603; x_wconf 80' lang='lat' dir='ltr'><strong>teru</strong></span> <span class='ocrx_word' id='word_1_172' title='bbox 447 2549 565 2622; x_wconf 79' lang='lat' dir='ltr'><strong>currat,</strong></span> <span class='ocrx_word' id='word_1_173' title='bbox 594 2541 675 2607; x_wconf 87' lang='lat' dir='ltr'><strong>haee</strong></span> <span class='ocrx_word' id='word_1_174' title='bbox 689 2543 926 2625; x_wconf 81' lang='lat' dir='ltr'><strong>argumentatio</strong></span> <span class='ocrx_word' id='word_1_175' title='bbox 941 2541 974 2608; x_wconf 91' lang='lat' dir='ltr'><strong>in</strong></span> <span class='ocrx_word' id='word_1_176' title='bbox 989 2542 1107 2608; x_wconf 86' lang='lat' dir='ltr'><strong>eireulo</strong></span> <span class='ocrx_word' id='word_1_177' title='bbox 1123 2548 1288 2608; x_wconf 83' lang='lat' dir='ltr'><strong>versatur:</strong></span> <span class='ocrx_word' id='word_1_178' title='bbox 1314 2541 1416 2605; x_wconf 85' lang='lat' dir='ltr'><strong>multa</strong></span> <span class='ocrx_word' id='word_1_179' title='bbox 1431 2540 1504 2606; x_wconf 88' lang='lat' dir='ltr'><strong>ele-</strong></span> 
     </span>
    </p>
   </div>
   <div class='ocr_carea' id='block_1_9' title="bbox 362 2639 1613 2724">
    <p class='ocr_par' dir='ltr' id='par_1_9' title="bbox 362 2639 1613 2724">
     <span class='ocr_line' id='line_1_22' title="bbox 362 2639 1613 2724; baseline 0 -18"><span class='ocrx_word' id='word_1_180' title='bbox 362 2649 471 2708; x_wconf 83' lang='lat' dir='ltr'><strong>menta</strong></span> <span class='ocrx_word' id='word_1_181' title='bbox 489 2643 597 2708; x_wconf 89' lang='lat' dir='ltr'><strong>multis</strong></span> <span class='ocrx_word' id='word_1_182' title='bbox 612 2643 719 2709; x_wconf 86' lang='lat' dir='ltr'><strong>verbis</strong></span> <span class='ocrx_word' id='word_1_183' title='bbox 742 2645 923 2710; x_wconf 89' lang='lat' dir='ltr'><strong>eommunia</strong></span> <span class='ocrx_word' id='word_1_184' title='bbox 946 2651 1030 2724; x_wconf 88' lang='lat' dir='ltr'><strong>sunt,</strong></span> <span class='ocrx_word' id='word_1_185' title='bbox 1056 2663 1128 2710; x_wconf 88' lang='lat' dir='ltr'><strong>eum</strong></span> <span class='ocrx_word' id='word_1_186' title='bbox 1151 2643 1251 2710; x_wconf 83' lang='lat' dir='ltr'><strong>uerba</strong></span> <span class='ocrx_word' id='word_1_187' title='bbox 1273 2643 1338 2708; x_wconf 89' lang='lat' dir='ltr'><strong>alia</strong></span> <span class='ocrx_word' id='word_1_188' title='bbox 1361 2662 1403 2707; x_wconf 85' lang='lat' dir='ltr'><strong>ex</strong></span> <span class='ocrx_word' id='word_1_189' title='bbox 1424 2642 1504 2707; x_wconf 83' lang='lat' dir='ltr'><strong>aliis</strong></span> <span class='ocrx_word' id='word_1_190' title='bbox 1612 2639 1613 2656; x_wconf 62' lang='lat'>¹</span> 
     </span>
    </p>
   </div>
   <div class='ocr_carea' id='block_1_10' title="bbox 361 2744 1613 4368">
    <p class='ocr_par' dir='ltr' id='par_1_10' title="bbox 361 2744 1613 3445">
     <span class='ocr_line' id='line_1_23' title="bbox 362 2744 1500 2830; baseline 0.001 -22"><span class='ocrx_word' id='word_1_191' title='bbox 362 2750 508 2810; x_wconf 82' lang='lat' dir='ltr'><strong>constent</strong></span> <span class='ocrx_word' id='word_1_192' title='bbox 520 2745 698 2824; x_wconf 89' lang='lat' dir='ltr'><strong>elementis,</strong></span> <span class='ocrx_word' id='word_1_193' title='bbox 714 2766 778 2812; x_wconf 93' lang='lat' dir='ltr'><strong>non</strong></span> <span class='ocrx_word' id='word_1_194' title='bbox 789 2766 852 2828; x_wconf 91' lang='lat' dir='ltr'><strong>quo</strong></span> <span class='ocrx_word' id='word_1_195' title='bbox 864 2767 928 2813; x_wconf 91' lang='lat' dir='ltr'><strong>non</strong></span> <span class='ocrx_word' id='word_1_196' title='bbox 941 2767 1040 2830; x_wconf 85' lang='lat' dir='ltr'><strong>saepe</strong></span> <span class='ocrx_word' id='word_1_197' title='bbox 1051 2745 1230 2812; x_wconf 86' lang='lat' dir='ltr'><strong>eommunia</strong></span> <span class='ocrx_word' id='word_1_198' title='bbox 1245 2745 1310 2812; x_wconf 87' lang='lat' dir='ltr'><strong>siut</strong></span> <span class='ocrx_word' id='word_1_199' title='bbox 1325 2744 1500 2812; x_wconf 86' lang='lat' dir='ltr'><strong>elementa.</strong></span> 
     </span>
     <span class='ocr_line' id='line_1_24' title="bbox 361 2847 1613 2938; baseline 0 -25"><span class='ocrx_word' id='word_1_200' title='bbox 361 2848 400 2913; x_wconf 94' lang='lat' dir='ltr'><strong>In</strong></span> <span class='ocrx_word' id='word_1_201' title='bbox 412 2847 619 2929; x_wconf 85' lang='lat' dir='ltr'><strong>sequentibus</strong></span> <span class='ocrx_word' id='word_1_202' title='bbox 631 2847 777 2914; x_wconf 86' lang='lat' dir='ltr'><strong>versibus</strong></span> <span class='ocrx_word' id='word_1_203' title='bbox 789 2868 862 2914; x_wconf 90' lang='lat' dir='ltr'><strong>oum</strong></span> <span class='ocrx_word' id='word_1_204' title='bbox 874 2847 992 2914; x_wconf 89' lang='lat' dir='ltr'><strong>tradita</strong></span> <span class='ocrx_word' id='word_1_205' title='bbox 1006 2849 1173 2933; x_wconf 79' lang='lat' dir='ltr'><strong>scriptura,</strong></span> <span class='ocrx_word' id='word_1_206' title='bbox 1189 2847 1275 2930; x_wconf 89' lang='lat' dir='ltr'><strong>quod</strong></span> <span class='ocrx_word' id='word_1_207' title='bbox 1286 2847 1380 2914; x_wconf 83' lang='lat' dir='ltr'><strong>valde</strong></span> <span class='ocrx_word' id='word_1_208' title='bbox 1392 2847 1500 2928; x_wconf 88' lang='lat' dir='ltr'><strong>doleo,</strong></span> <span class='ocrx_word' id='word_1_209' title='bbox 1612 2927 1613 2938; x_wconf 15' lang='grc' dir='ltr'>ἢ</span> 
     </span>
     <span class='ocr_line' id='line_1_25' title="bbox 361 2939 1613 3035; baseline 0.002 -23"><span class='ocrx_word' id='word_1_210' title='bbox 361 2948 408 3012; x_wconf 90' lang='lat' dir='ltr'><strong>ita</strong></span> <span class='ocrx_word' id='word_1_211' title='bbox 430 2947 608 3032; x_wconf 82' lang='lat' dir='ltr'><strong>depravata</strong></span> <span class='ocrx_word' id='word_1_212' title='bbox 629 2949 684 3030; x_wconf 88' lang='lat' dir='ltr'><strong>sit,</strong></span> <span class='ocrx_word' id='word_1_213' title='bbox 712 2957 747 3016; x_wconf 92' lang='lat' dir='ltr'><strong>ut</strong></span> <span class='ocrx_word' id='word_1_214' title='bbox 768 2969 808 3016; x_wconf 89' lang='grc'><strong>00</strong></span> <span class='ocrx_word' id='word_1_215' title='bbox 830 2950 1050 3035; x_wconf 85' lang='lat' dir='ltr'><strong>interpolatori</strong></span> <span class='ocrx_word' id='word_1_216' title='bbox 1073 2950 1202 3033; x_wconf 89' lang='lat' dir='ltr'><strong>quidem</strong></span> <span class='ocrx_word' id='word_1_217' title='bbox 1225 2950 1412 3032; x_wconf 80' lang='lat' dir='ltr'><strong>conveniat,</strong></span> <span class='ocrx_word' id='word_1_218' title='bbox 1439 2951 1503 3016; x_wconf 88' lang='lat' dir='ltr'><strong>etsi</strong></span> <span class='ocrx_word' id='word_1_219' title='bbox 1612 2939 1613 2970; x_wconf 64' lang='lat'>³</span> 
     </span>
     <span class='ocr_line' id='line_1_26' title="bbox 361 3049 1506 3136; baseline 0.003 -23"><span class='ocrx_word' id='word_1_220' title='bbox 361 3049 508 3132; x_wconf 90' lang='lat' dir='ltr'><strong>intellegi</strong></span> <span class='ocrx_word' id='word_1_221' title='bbox 531 3051 635 3131; x_wconf 82' lang='lat' dir='ltr'><strong>liceat,</strong></span> <span class='ocrx_word' id='word_1_222' title='bbox 662 3051 717 3134; x_wconf 87' lang='lat' dir='ltr'><strong>qui</strong></span> <span class='ocrx_word' id='word_1_223' title='bbox 741 3052 836 3118; x_wconf 84' lang='lat' dir='ltr'><strong>luerit</strong></span> <span class='ocrx_word' id='word_1_224' title='bbox 852 3071 966 3120; x_wconf 89' lang='lat' dir='ltr'><strong>sensus</strong></span> <span class='ocrx_word' id='word_1_225' title='bbox 982 3052 1051 3119; x_wconf 88' lang='lat' dir='ltr'><strong>eius</strong></span> <span class='ocrx_word' id='word_1_226' title='bbox 1067 3071 1190 3134; x_wconf 84' lang='lat' dir='ltr'><strong>versus,</strong></span> <span class='ocrx_word' id='word_1_227' title='bbox 1210 3059 1316 3118; x_wconf 87' lang='lat' dir='ltr'><strong>tamen</strong></span> <span class='ocrx_word' id='word_1_228' title='bbox 1333 3051 1409 3118; x_wconf 90' lang='lat' dir='ltr'><strong>inde</strong></span> <span class='ocrx_word' id='word_1_229' title='bbox 1424 3073 1506 3136; x_wconf 91' lang='lat' dir='ltr'><strong>pro-</strong></span> 
     </span>
     <span class='ocr_line' id='line_1_27' title="bbox 363 3151 1506 3238; baseline 0.002 -21"><span class='ocrx_word' id='word_1_230' title='bbox 363 3151 439 3218; x_wconf 79' lang='lat' dir='ltr'><strong>iecti</strong></span> <span class='ocrx_word' id='word_1_231' title='bbox 460 3153 718 3238; x_wconf 83' lang='lat' dir='ltr'><strong>interpolationis</strong></span> <span class='ocrx_word' id='word_1_232' title='bbox 748 3155 875 3238; x_wconf 90' lang='lat' dir='ltr'><strong>signum</strong></span> <span class='ocrx_word' id='word_1_233' title='bbox 904 3161 1045 3222; x_wconf 87' lang='lat' dir='ltr'><strong>statuere</strong></span> <span class='ocrx_word' id='word_1_234' title='bbox 1074 3156 1232 3222; x_wconf 89' lang='lat' dir='ltr'><strong>nolumus.</strong></span> <span class='ocrx_word' id='word_1_235' title='bbox 1280 3154 1401 3220; x_wconf 88' lang='lat' dir='ltr'><strong>Versus</strong></span> <span class='ocrx_word' id='word_1_236' title='bbox 1424 3173 1506 3220; x_wconf 83' lang='lat' dir='ltr'><strong>vero</strong></span> 
     </span>
     <span class='ocr_line' id='line_1_28' title="bbox 362 3256 762 3340; baseline 0 -20"><span class='ocrx_word' id='word_1_237' title='bbox 362 3256 417 3339; x_wconf 92' lang='lat' dir='ltr'><strong>qui</strong></span> <span class='ocrx_word' id='word_1_238' title='bbox 440 3257 583 3339; x_wconf 89' lang='lat' dir='ltr'><strong>sequitur</strong></span> <span class='ocrx_word' id='word_1_239' title='bbox 610 3257 661 3339; x_wconf 80' lang='grc' dir='ltr'><strong>(Η,</strong></span> <span class='ocrx_word' id='word_1_240' title='bbox 689 3260 762 3340; x_wconf 70' lang='lat' dir='ltr'><strong>aar)</strong></span> 
     </span>
     <span class='ocr_line' id='line_1_29' title="bbox 471 3359 1385 3445; baseline 0.002 -23"><span class='ocrx_word' id='word_1_241' title='bbox 471 3359 528 3422; x_wconf 81' lang='lat' dir='ltr'><strong>sed</strong></span> <span class='ocrx_word' id='word_1_242' title='bbox 547 3360 621 3444; x_wconf 78' lang='lat' dir='ltr'><strong>quia</strong></span> <span class='ocrx_word' id='word_1_243' title='bbox 643 3382 705 3424; x_wconf 82' lang='lat' dir='ltr'><strong>uon</strong></span> <span class='ocrx_word' id='word_1_244' title='bbox 728 3361 817 3445; x_wconf 75' lang='lat' dir='ltr'><strong>oolpo</strong></span> <span class='ocrx_word' id='word_1_245' title='bbox 833 3361 932 3445; x_wconf 70' lang='lat' dir='ltr'><strong>paria</strong></span> <span class='ocrx_word' id='word_1_246' title='bbox 955 3362 1095 3426; x_wconf 77' lang='lat' dir='ltr'><strong>omuibus</strong></span> <span class='ocrx_word' id='word_1_247' title='bbox 1117 3362 1222 3425; x_wconf 79' lang='lat' dir='ltr'><strong>omniu</strong></span> <span class='ocrx_word' id='word_1_248' title='bbox 1244 3369 1385 3426; x_wconf 78' lang='lat' dir='ltr'><strong>constent</strong></span> 
     </span>
    </p>

    <p class='ocr_par' dir='ltr' id='par_1_11' title="bbox 361 3462 1509 3960">
     <span class='ocr_line' id='line_1_30' title="bbox 362 3462 1508 3546; baseline 0.004 -20"><span class='ocrx_word' id='word_1_249' title='bbox 362 3462 413 3527; x_wconf 89' lang='lat' dir='ltr'><strong>vel</strong></span> <span class='ocrx_word' id='word_1_250' title='bbox 428 3463 533 3546; x_wconf 86' lang='lat' dir='ltr'><strong>magis</strong></span> <span class='ocrx_word' id='word_1_251' title='bbox 548 3469 646 3529; x_wconf 90' lang='lat' dir='ltr'><strong>totum</strong></span> <span class='ocrx_word' id='word_1_252' title='bbox 664 3463 749 3529; x_wconf 88' lang='lat' dir='ltr'><strong>huno</strong></span> <span class='ocrx_word' id='word_1_253' title='bbox 761 3465 865 3530; x_wconf 88' lang='lat' dir='ltr'><strong>loouur</strong></span> <span class='ocrx_word' id='word_1_254' title='bbox 881 3464 1055 3532; x_wconf 90' lang='lat' dir='ltr'><strong>insitioium</strong></span> <span class='ocrx_word' id='word_1_255' title='bbox 1071 3484 1145 3532; x_wconf 90' lang='lat' dir='ltr'><strong>esse</strong></span> <span class='ocrx_word' id='word_1_256' title='bbox 1160 3466 1367 3532; x_wconf 85' lang='lat' dir='ltr'><strong>demonstrat.</strong></span> <span class='ocrx_word' id='word_1_257' title='bbox 1400 3465 1508 3531; x_wconf 83' lang='lat' dir='ltr'><strong>Cuius</strong></span> 
     </span>
     <span class='ocr_line' id='line_1_31' title="bbox 362 3565 1508 3654; baseline 0.003 -24"><span class='ocrx_word' id='word_1_258' title='bbox 362 3566 550 3632; x_wconf 89' lang='lat' dir='ltr'><strong>seutentiam</strong></span> <span class='ocrx_word' id='word_1_259' title='bbox 567 3565 642 3632; x_wconf 91' lang='lat' dir='ltr'><strong>inde</strong></span> <span class='ocrx_word' id='word_1_260' title='bbox 654 3567 831 3633; x_wconf 84' lang='lat' dir='ltr'><strong>certissime</strong></span> <span class='ocrx_word' id='word_1_261' title='bbox 844 3587 1039 3651; x_wconf 88' lang='lat' dir='ltr'><strong>eognosoere</strong></span> <span class='ocrx_word' id='word_1_262' title='bbox 1050 3587 1230 3654; x_wconf 86' lang='lat' dir='ltr'><strong>possumus,</strong></span> <span class='ocrx_word' id='word_1_263' title='bbox 1247 3568 1334 3635; x_wconf 92' lang='lat' dir='ltr'><strong>unde</strong></span> <span class='ocrx_word' id='word_1_264' title='bbox 1345 3570 1386 3635; x_wconf 89' lang='lat' dir='ltr'><strong>ab</strong></span> <span class='ocrx_word' id='word_1_265' title='bbox 1399 3569 1508 3635; x_wconf 86' lang='lat' dir='ltr'><strong>inter-</strong></span> 
     </span>
     <span class='ocr_line' id='line_1_32' title="bbox 361 3668 1508 3756; baseline 0.004 -24"><span class='ocrx_word' id='word_1_266' title='bbox 361 3668 504 3751; x_wconf 90' lang='lat' dir='ltr'><strong>polatore</strong></span> <span class='ocrx_word' id='word_1_267' title='bbox 516 3674 729 3752; x_wconf 87' lang='lat' dir='ltr'><strong>sumptusest,</strong></span> <span class='ocrx_word' id='word_1_268' title='bbox 742 3689 783 3737; x_wconf 87' lang='lat' dir='ltr'><strong>ex</strong></span> <span class='ocrx_word' id='word_1_269' title='bbox 795 3669 928 3736; x_wconf 83' lang='lat' dir='ltr'><strong>secundi</strong></span> <span class='ocrx_word' id='word_1_270' title='bbox 940 3671 1012 3737; x_wconf 90' lang='lat' dir='ltr'><strong>libri</strong></span> <span class='ocrx_word' id='word_1_271' title='bbox 1022 3690 1054 3734; x_wconf 88' lang='lat' dir='ltr'><strong>v.</strong></span> <span class='ocrx_word' id='word_1_272' title='bbox 1067 3675 1140 3736; x_wconf 80' lang='lat'><strong>337.</strong></span> <span class='ocrx_word' id='word_1_273' title='bbox 1158 3671 1207 3736; x_wconf 91' lang='lat' dir='ltr'><strong>Ibi</strong></span> <span class='ocrx_word' id='word_1_274' title='bbox 1221 3671 1306 3736; x_wconf 86' lang='lat' dir='ltr'><strong>eninr</strong></span> <span class='ocrx_word' id='word_1_275' title='bbox 1319 3676 1415 3755; x_wconf 83' lang='lat' dir='ltr'><strong>poeta</strong></span> <span class='ocrx_word' id='word_1_276' title='bbox 1427 3692 1508 3756; x_wconf 89' lang='lat' dir='ltr'><strong>pro-</strong></span> 
     </span>
     <span class='ocr_line' id='line_1_33' title="bbox 363 3770 1508 3859; baseline 0.004 -24"><span class='ocrx_word' id='word_1_277' title='bbox 363 3770 506 3848; x_wconf 84' lang='lat' dir='ltr'><strong>baturus,</strong></span> <span class='ocrx_word' id='word_1_278' title='bbox 516 3791 612 3853; x_wconf 90' lang='lat' dir='ltr'><strong>quam</strong></span> <span class='ocrx_word' id='word_1_279' title='bbox 625 3771 810 3855; x_wconf 89' lang='lat' dir='ltr'><strong>multigenis</strong></span> <span class='ocrx_word' id='word_1_280' title='bbox 819 3771 930 3855; x_wconf 88' lang='lat' dir='ltr'><strong>liguris</strong></span> <span class='ocrx_word' id='word_1_281' title='bbox 942 3773 1247 3857; x_wconf 85' lang='lat' dir='ltr'><strong>primordiavariata</strong></span> <span class='ocrx_word' id='word_1_282' title='bbox 1256 3773 1330 3852; x_wconf 87' lang='lat' dir='ltr'><strong>sint,</strong></span> <span class='ocrx_word' id='word_1_283' title='bbox 1342 3775 1508 3859; x_wconf 82' lang='lat' dir='ltr'><strong>exemplis</strong></span> 
     </span>
     <span class='ocr_line' id='line_1_34' title="bbox 362 3873 1509 3960; baseline 0.003 -22"><span class='ocrx_word' id='word_1_284' title='bbox 362 3873 560 3940; x_wconf 85' lang='lat' dir='ltr'><strong>demonstrat</strong></span> <span class='ocrx_word' id='word_1_285' title='bbox 574 3874 695 3939; x_wconf 88' lang='lat' dir='ltr'><strong>nullam</strong></span> <span class='ocrx_word' id='word_1_286' title='bbox 711 3875 839 3941; x_wconf 88' lang='lat' dir='ltr'><strong>omnino</strong></span> <span class='ocrx_word' id='word_1_287' title='bbox 854 3894 921 3941; x_wconf 90' lang='lat' dir='ltr'><strong>rem</strong></span> <span class='ocrx_word' id='word_1_288' title='bbox 936 3875 1030 3942; x_wconf 87' lang='lat' dir='ltr'><strong>alteri</strong></span> <span class='ocrx_word' id='word_1_289' title='bbox 1047 3877 1145 3960; x_wconf 89' lang='lat' dir='ltr'><strong>plane</strong></span> <span class='ocrx_word' id='word_1_290' title='bbox 1160 3895 1271 3959; x_wconf 89' lang='lat' dir='ltr'><strong>parem</strong></span> <span class='ocrx_word' id='word_1_291' title='bbox 1287 3895 1361 3942; x_wconf 89' lang='lat' dir='ltr'><strong>esse</strong></span> <span class='ocrx_word' id='word_1_292' title='bbox 1381 3879 1466 3958; x_wconf 79' lang='lat'><strong>(347.</strong></span> <span class='ocrx_word' id='word_1_293' title='bbox 1486 3881 1509 3942; x_wconf 78' lang='grc'>8</span> 
     </span>
    </p>

    <p class='ocr_par' dir='ltr' id='par_1_12' title="bbox 571 3978 1442 4063">
     <span class='ocr_line' id='line_1_35' title="bbox 571 3978 1442 4063; baseline 0.003 -24"><span class='ocrx_word' id='word_1_294' title='bbox 571 3998 703 4060; x_wconf 73' lang='lat' dir='ltr'><strong>quorum</strong></span> <span class='ocrx_word' id='word_1_295' title='bbox 724 3997 820 4040; x_wconf 78' lang='lat' dir='ltr'><strong>unum</strong></span> <span class='ocrx_word' id='word_1_296' title='bbox 843 3978 967 4062; x_wconf 69' lang='lat' dir='ltr'><strong>qutiiot&#39;s</strong></span> <span class='ocrx_word' id='word_1_297' title='bbox 988 3978 1161 4061; x_wconf 77' lang='lat' dir='ltr'><strong>peneratim</strong></span> <span class='ocrx_word' id='word_1_298' title='bbox 1184 3999 1304 4042; x_wconf 81' lang='lat' dir='ltr'><strong>sumere</strong></span> <span class='ocrx_word' id='word_1_299' title='bbox 1324 4001 1442 4063; x_wconf 79' lang='lat' dir='ltr'><strong>perpe:</strong></span> 
     </span>
    </p>

    <p class='ocr_par' dir='ltr' id='par_1_13' title="bbox 570 4078 1292 4166">
     <span class='ocr_line' id='line_1_36' title="bbox 570 4078 1292 4166; baseline 0.006 -26"><span class='ocrx_word' id='word_1_300' title='bbox 570 4078 707 4142; x_wconf 67' lang='lat' dir='ltr'><strong>inventes</strong></span> <span class='ocrx_word' id='word_1_301' title='bbox 731 4088 833 4144; x_wconf 74' lang='lat' dir='ltr'><strong>tumn</strong></span> <span class='ocrx_word' id='word_1_302' title='bbox 855 4080 940 4144; x_wconf 82' lang='lat' dir='ltr'><strong>inter</strong></span> <span class='ocrx_word' id='word_1_303' title='bbox 961 4103 994 4144; x_wconf 83' lang='grc'><strong>00</strong></span> <span class='ocrx_word' id='word_1_304' title='bbox 1016 4080 1150 4166; x_wconf 73' lang='lat' dir='ltr'><strong>defferre</strong></span> <span class='ocrx_word' id='word_1_305' title='bbox 1158 4080 1292 4164; x_wconf 77' lang='lat' dir='ltr'><strong>fipuris.</strong></span> 
     </span>
    </p>

    <p class='ocr_par' dir='ltr' id='par_1_14' title="bbox 571 4181 1346 4266">
     <span class='ocr_line' id='line_1_37' title="bbox 571 4181 1346 4266; baseline 0.005 -22"><span class='ocrx_word' id='word_1_306' title='bbox 571 4201 627 4244; x_wconf 82' lang='lat' dir='ltr'><strong>uec</strong></span> <span class='ocrx_word' id='word_1_307' title='bbox 649 4181 770 4246; x_wconf 75' lang='lat' dir='ltr'><strong>rationo</strong></span> <span class='ocrx_word' id='word_1_308' title='bbox 792 4183 859 4246; x_wconf 82' lang='lat' dir='ltr'><strong>alia</strong></span> <span class='ocrx_word' id='word_1_309' title='bbox 878 4184 985 4265; x_wconf 82' lang='lat' dir='ltr'><strong>proles</strong></span> <span class='ocrx_word' id='word_1_310' title='bbox 1008 4204 1191 4266; x_wconf 73' lang='lat' dir='ltr'><strong>coquoscere</strong></span> <span class='ocrx_word' id='word_1_311' title='bbox 1213 4191 1346 4248; x_wconf 81' lang='lat' dir='ltr'><strong>nrotrem</strong></span> 
     </span>
    </p>

    <p class='ocr_par' dir='ltr' id='par_1_15' title="bbox 568 4286 1109 4368">
     <span class='ocr_line' id='line_1_38' title="bbox 568 4286 1015 4368; baseline 0.007 -24"><span class='ocrx_word' id='word_1_312' title='bbox 568 4304 624 4344; x_wconf 82' lang='lat' dir='ltr'><strong>aec</strong></span> <span class='ocrx_word' id='word_1_313' title='bbox 646 4291 747 4346; x_wconf 77' lang='lat' dir='ltr'><strong>neuter</strong></span> <span class='ocrx_word' id='word_1_314' title='bbox 764 4293 873 4366; x_wconf 74' lang='lat' dir='ltr'><strong>posset</strong></span> <span class='ocrx_word' id='word_1_315' title='bbox 891 4286 1015 4368; x_wconf 76' lang='lat' dir='ltr'><strong>prolem</strong></span> 
     </span>
    </p>
   </div>
   <div class='ocr_carea' id='block_1_11' title="bbox 0 0 1638 4926">
    <p class='ocr_par' dir='ltr' id='par_1_16' title="bbox 0 0 1638 4926">
     <span class='ocr_line' id='line_1_39' title="bbox 0 0 1638 4926; baseline 0 0"><span class='ocrx_word' id='word_1_316' title='bbox 0 0 1638 4926; x_wconf 95' lang='lat' dir='ltr'><strong> </strong></span> 
     </span>
    </p>
   </div>
  </div>
 </body>
</html>
