3304 4928
343 409 387 474 ea
781 449 823 460 -
872 413 968 497 [ios]
1015 451 1058 460 -

344 607 398 688 qui
425 629 534 673 uorsus
557 607 603 672 sie
624 629 645 670 a
667 607 708 670 R⁰
731 607 915 672 tradamur:

896 706 965 778 οἶδ’
990 704 1055 797 lyei
1077 715 1135 778 καὶ
1158 705 1198 799 δὴ
1221 709 1332 800 πόρον

476 818 514 884 lx
537 827 600 886 τοῦ
623 816 860 906 Παλαμήδους·
886 811 932 897 ὡς
956 818 1084 897 ἐκεῖνος
1105 811 1167 897 τάς
1188 814 1318 896 πλάτας

476 922 566 1010 ῥίψω
588 923 740 1012 γράφων.
766 918 838 990 ἀλλ’
862 919 903 992 ου’
924 921 1080 1012 πάρεισιν
1100 925 1139 1012 ,αἱ
1160 921 1293 992 πλάται.

475 1027 589 1098 πόθεν
613 1019 676 1098 οὖν
699 1025 825 1117 γίνοιτ’
849 1026 892 1097 άν
914 1056 972 1116 μοι
994 1029 1132 1108 πλάταις
1154 1029 1268 1098 πόθεν
1292 1036 1307 1116 [
1341 1036 1397 1116 -]

474 1139 507 1202 τί
531 1131 565 1203 δ’
589 1131 641 1218 άν,
665 1138 694 1203 εἰ
717 1139 795 1205 ταδλ
818 1131 999 1223 τάγάλματ’
1022 1131 1099 1204 άντὶ
1122 1141 1193 1203 τῶν
1216 1145 1356 1205 πλατῶν

472 1241 615 1330 γράφων
641 1246 882 1331 διαρρίπτοιμα
904 1246 1039 1326 βέλτιον
1061 1241 1159 1311 πολύ.

474 1347 575 1432 ξύλον
598 1351 636 1436 γέ
657 1374 712 1417 τοι
735 1354 793 1417 καὶ
816 1359 922 1418 ταῦτα
946 1345 1077 1418 κάκεῖν’
1100 1341 1142 1439 ἦν
1166 1349 1276 1434 ξύλον.

340 1457 402 1522 Vbi
434 1457 533 1524 uerba
568 1459 623 1522 illa
659 1450 730 1524 ἀλλ’
758 1451 800 1524 οὐ
835 1455 991 1543 πάρεισιν
1024 1457 1057 1524 αἱ
1088 1456 1212 1526 πλάται
1247 1460 1330 1525 haud
1358 1481 1492 1544 paruam

338 1565 418 1628 uiris
454 1566 556 1629 doctis
592 1564 744 1630 offensam
780 1567 1008 1650 praebuerunt:
1050 1567 1228 1632 Brunekius
1265 1561 1398 1650 πάρεισί
1433 1587 1491 1649 μοι

338 1671 486 1746 eouieeit,
508 1693 567 1735 use
589 1693 652 1736 non
677 1671 870 1738 Fritasehius
892 1677 1020 1738 ααιλιιι
1043 1695 1083 1737 ae
1104 1669 1260 1758 πάρεισιν
1282 1673 1491 1756 yrammatieo

340 1881 423 1948 slew
452 1880 485 1948 αἱ
512 1880 646 1948 πλάται.
703 1886 807 1963 Quare
839 1908 910 1950 eum
938 1888 1033 1951 etiam
1061 1887 1094 1951 in
1122 1887 1162 1950 ΒΘ
1191 1907 1301 1952 uersus
1329 1886 1490 1969 sequentis

339 1987 452 2072 (772)’
471 1991 603 2055 ultimus
633 2012 690 2074 pes
723 1993 922 2056 desideretur
933 1995 971 2078 ¹),
1003 1994 1108 2058 neseio
1140 2015 1182 2057 an
1214 1993 1315 2057 uerba
1346 1983 1418 2056 ἀλλ’
1447 1982 1489 2055 oei

338 2092 493 2181 πάρεισιν
521 2093 555 2161 αἱ
582 2093 709 2162 πλάται
736 2099 777 2180 (v.
803 2098 883 2184 771)
912 2106 944 2164 et
970 2094 1085 2164 πόθεν
1114 2100 1263 2183 (exeunte
1290 2119 1383 2163 uersu
1408 2095 1488 2177 772)

338 2203 529 2286 interpolata
548 2205 619 2268 siut
666 2204 749 2282 Quid
769 2205 852 2268 euim
870 2205 950 2270 haee
967 2205 1067 2269 uerba
1085 2205 1234 2270 utilitatis
1252 2213 1308 2270 sut
1326 2203 1488 2288 augmenti

338 2309 387 2373 his
406 2310 551 2374 uersibus
570 2309 727 2375 afferunt?
752 2310 852 2377 lmmo
871 2310 912 2374 ab
932 2311 1161 2393 interpolatore
1180 2333 1219 2375 ex
1237 2312 1276 2375 iis
1290 2311 1367 2394 ipsis
1379 2309 1488 2373 uerbis

337 2437 418 2499 quae
437 2418 561 2500 integra
582 2416 703 2480 tradite
722 2424 813 2481 eraut
830 2416 960 2480 formari
979 2423 1076 2499 atque
1094 2415 1206 2500 refingi
1226 2421 1387 2500 poteraut;
1411 2415 1487 2499 quid

337 2523 420 2586 euim
443 2523 530 2587 aliud
554 2523 615 2588 sibi
638 2523 708 2587 uult
731 2514 803 2587 ἄλλ’
823 2515 865 2588 οὐ
887 2520 1042 2608 πάρεισιν
1061 2520 1095 2587 αἱ
1118 2519 1242 2588 πλάται
1260 2545 1355 2605 quam
1373 2518 1486 2586 πόθεν

337 2615 399 2692 οὖν
420 2621 564 2712 γένοιντ’
583 2623 625 2692 άν
648 2652 705 2712 μοι
727 2625 852 2694 πλάται
859 2631 898 2707 ;?
926 2629 969 2693 Et
987 2625 1101 2694 πάθεν
1120 2630 1198 2694 illud
1219 2630 1324 2695 uersui
1344 2629 1408 2692 772
1427 2629 1485 2692 ad-

335 2735 526 2816 glutinatum
555 2735 678 2818 frigide*
698 2737 870 2818 repetitum
898 2742 954 2800 est
1005 2735 1112 2802 Verba
1139 2736 1172 2800 τὶ
1201 2727 1234 2800 δ’
1262 2727 1315 2814 civ,
1343 2733 1381 2817 sl
1398 2756 1485 2810 uero,

336 2862 416 2922 quae
447 2841 671 2906 desiderantur
702 2843 788 2924 apud
820 2841 963 2919 Suidam,
996 2844 1133 2926 genuina
1166 2863 1233 2906 esse
1261 2841 1486 2924 Aristophanis

335 2947 434 3011 uerba
457 2947 720 3024 existimabimus,
750 2970 820 3012 oum
847 2949 964 3014 similia
985 2949 1132 3031 legantur
1155 2949 1235 3014 Nub.
1262 2949 1325 3012 154
1353 2949 1386 3012 τλ
1410 2939 1485 3033 δῆτ’

335 3047 388 3132 ἄν,
417 3049 533 3138 ἕτερον
557 3051 586 3117 εἰ
608 3051 755 3132 alteim
784 3054 864 3118 Nub.
892 3055 977 3121 1445
1001 3047 1100 3133 τίδ’,
1128 3047 1169 3141 ἢν
1194 3051 1279 3140 ἔχων
1303 3045 1365 3120 τὸν
1393 3047 1484 3139 ἥττω

334 3155 437 3242 λόγον
462 3176 497 3224 σε
521 3156 666 3245 νικήσω;
691 3160 760 3243 Lys.
780 3162 844 3224 366
869 3163 902 3224 τί
925 3153 969 3239 δ’,
993 3153 1034 3248 ἢν
1059 3163 1176 3226 σποδῶ
1198 3175 1269 3238 τοις
1288 3156 1484 3235 κσνδύλσις;

334 3265 482 3348 Suspicor
515 3267 614 3348 igitur
646 3267 680 3329 iu
705 3288 805 3330 uuum
833 3267 1068 3333 contrahendos
1096 3289 1163 3334 osse
1190 3289 1236 3332 vv.
1266 3267 1338 3331 771.
1359 3265 1424 3330 772
1451 3271 1485 3328 et

334 3371 550 3436 scribendum:
1466 3385 1471 3393 '

422 3472 513 3561 ῥίψω
536 3474 687 3562 γράψων.
720 3474 834 3544 πάθεν
857 3467 921 3544 σάν
943 3471 1088 3562 γένοιντ’
1111 3471 1154 3544 άν
1176 3501 1233 3563 μοι
1256 3474 1389 3544 πλάται.

334 3583 443 3652 Altera
474 3606 521 3650 vv.
542 3585 614 3650 770.
633 3587 671 3650 71
707 3585 810 3650 forma
841 3593 873 3650 et
901 3607 939 3652 ea
966 3587 1204 3670 corruptissima
1231 3607 1250 3650 a
1278 3585 1377 3651 Suids
1399 3607 1423 3650 s.
1442 3586 1483 3668 gl.

333 3687 449 3777 Πλάτρ
473 3699 601 3756 seruata
624 3700 686 3757 est:

617 3787 731 3884 ὥσπερ
757 3795 959 3884 Παλαμήδης
982 3789 1041 3874 τάς
1063 3796 1193 3876 πλάτας

616 3901 707 3988 ῥίψαι
730 3902 872 3990 γράφων
897 3906 1078 3987 Naeuiae

406 4275 423 4340 ¹)
443 4269 546 4328 πλάται
566 4275 707 4344 suppleuit
722 4276 855 4343 ungeres,
876 4269 995 4346 γένοιντ’
1016 4267 1051 4329 άν
1069 4272 1163 4351 ἀθλίῳ
1182 4276 1302 4332 coniecit
1316 4247 1486 4344 Bruuckius,⁴

331 4359 451 4432 γένοιντ’
471 4357 507 4418 άν
527 4382 576 4430 μοι
596 4359 704 4426 πλάτας
726 4365 841 4432 lostam
865 4359 976 4426 πόθεν;
1000 4364 1167 4422 Diodorliua.
1205 4367 1335 4422 ceterum
1359 4363 1482 4436 γένοιντ’

330 4469 364 4505 ex
384 4452 484 4505 Saldae
505 4467 637 4520 peruersa
655 4453 792 4519 scriptura
812 4447 952 4521 γ’ἒιιεινισ
971 4453 1129 4509 restitutum
1150 4463 1192 4512 est
1210 4471 1259 4524 pro
1279 4451 1384 4524 γένοιτ’
1403 4457 1441 4511 R.
