3272 4920
617 405 661 416 -
708 367 791 451 μοι]
839 404 875 419 .-
1258 366 1317 431 181

177 551 444 638 θαυμαζόμενος
466 555 615 640 volgatae
633 555 804 623 lectionem
820 553 970 624 Graeculi
994 553 1131 620 alienius
1154 551 1320 620 coniectu-

176 677 342 738 ramesse
370 657 487 726 iudico.
535 657 601 724 Sed
628 677 850 742 quaecumque
877 657 939 724 fnit
968 657 1044 722 olim
1066 654 1156 722 verbi
1178 653 1319 737 θαυμά-

178 759 250 840 ζειν
276 762 396 845 lorma‚
428 761 585 847 Dionysio
616 767 702 828 certo
734 782 799 828 non
827 759 974 827 debetur.
1028 760 1141 844 Neque
1171 759 1257 826 enim
1285 757 1320 824 id

176 865 246 948 agit
275 865 469 951 Dionysius,
501 872 537 933 ut
566 863 812 932 admirationem
835 863 957 948 Gorgia
985 863 1074 949 prius
1095 861 1320 948 Thucydidem

176 974 307 1034 nactum
340 989 413 1036 csse
447 969 576 1054 probet,
614 966 673 1034 sed
702 967 779 1045 hoo,
818 966 910 1053 prius
943 986 1039 1050 qnam
1071 965 1164 1032 illum
1193 964 1320 1050 poetico

177 1070 319 1138 dictione
355 1072 389 1137 in
424 1070 620 1138 orationibus
655 1091 749 1138 usum
783 1089 855 1137 esse
892 1069 1088 1136 historionm.
1150 1070 1321 1136 Praeterea

177 1173 264 1242 idern
292 1176 427 1242 verbum
460 1174 669 1259 sequentibus
703 1172 968 1257 δαιμονιώτατος
1002 1179 1067 1240 τῶν
1097 1175 1321 1258 συγγραφέων

178 1297 241 1343 σου
263 1276 454 1362 languidum
477 1276 588 1362 modo,
622 1276 681 1343 sed
702 1295 833 1362 prorsus
855 1277 953 1344 ctiam
975 1293 1248 1361 supervacaneum
1270 1274 1317 1340 lit.

177 1379 326 1464 Denique
348 1379 425 1465 quid
455 1379 517 1448 sibi
540 1379 618 1446 velit
640 1400 703 1446 vox
726 1376 894 1462 τοῦνομα,
930 1398 1024 1446 nemo
1054 1378 1219 1464 explicaro
1245 1381 1320 1462 pot-

177 1483 255 1560 erit;
293 1481 375 1550 adeo
407 1483 516 1550 ieiuna
548 1491 599 1550 est
628 1491 723 1567 atque
753 1484 906 1551 absurda.
959 1483 1066 1566 Atque
1098 1481 1161 1548 hoc
1193 1501 1320 1565 quoqne

176 1585 247 1653 iure
270 1607 478 1671 quaeremus,
506 1609 562 1655 our
584 1584 750 1672 τοῦνομα,
784 1589 813 1654 si
835 1588 910 1655 huic
933 1587 1054 1654 nomini
1075 1587 1203 1673 proprio
1226 1583 1320 1651 addi-

177 1695 246 1756 tum
262 1697 322 1774 est,
341 1712 374 1777 p.
393 1693 471 1757 4588
489 1691 522 1758 in
539 1691 661 1778 Gorgia
675 1691 870 1759 nominando
885 1691 1037 1759 omissum
1053 1691 1104 1757 sit.
1152 1689 1196 1756 Ut
1211 1688 1320 1756 brevis

178 1793 252 1878 sim,
279 1801 379 1860 totum
402 1796 507 1862 locum
529 1795 670 1880 graviter
692 1801 874 1881 cormptnm
897 1814 970 1862 esse
988 1794 1226 1862 demonstrasse
1242 1792 1321 1859 milri

136 1981 140 1992 1
177 1895 303 1976 uideor3
323 1918 418 1981 quem
431 1898 458 1964 si
472 1917 589 1964 sanare
597 1899 687 1981 velis,
703 1899 802 1966 altius
815 1898 991 1983 fortiusque
1003 1896 1189 1966 secandum.
1215 1896 1321 1962 Unum

177 2000 312 2066 verbum
334 2000 562 2086 interpolatum
583 2001 795 2068 Ambrosiano
816 2007 945 2068 auctore
972 2000 1177 2083 sustulimus,
1213 2006 1322 2066 cetera

175 2101 225 2167 ita
246 2102 450 2168 emendanda
471 2123 605 2171 censeo:
630 2126 664 2190 p.
683 2106 790 2170 458oss
813 2098 927 2190 ἥψατο
951 2102 987 2169 δὲ
1002 2104 1141 2169 καὶτῶν
1156 2095 1322 2190 Ἀθένησι

174 2202 331 2290 ρητόρων
351 2199 371 2291 ἡ
394 2203 552 2292 ποιητική
576 2230 612 2273 τε
634 2207 692 2272 καὶ
714 2204 857 2294 τροπικὴ
873 2203 1009 2293 φράσις,
1036 2198 1080 2282 ὡς
1095 2205 1159 2288 μὲν
1176 2203 1321 2288 Τίμαιός

175 2327 270 2394 φησι,
301 2311 331 2372 Γ
330 2312 446 2394 οργίσυ
469 2303 634 2395 άρξαντος
659 2359 667 2373 .
688 2359 695 2373 .
715 2359 722 2374 .
746 2359 753 2374 .
779 2302 883 2385 ὡςδὲ
906 2302 1055 2396 τάληθὲς
1078 2307 1156 2390 ἔχει,
1196 2305 1224 2392 [ὃ
1248 2307 1315 2391 καὶ]

174 2411 384 2498 παλαίτερον
406 2410 456 2477 ἔτι
482 2411 749 2500 [θαυμαζομένη]
772 2411 979 2500 Θουκυδίδης
1005 2405 1175 2497 [τοῦνομα]
1196 2410 1318 2493 δαιμο-

170 2509 336 2591 νιώτατος
358 2520 425 2580 τῶν
447 2519 672 2602 συγγραφέων
696 2565 703 2579 .
725 2565 732 2580 .
754 2566 761 2580 .
788 2513 825 2581 έν
847 2515 989 2592 πολλοῖς
1012 2511 1171 2603 ἐξήλλαξε
1186 2513 1248 2602 τὴν
1263 2512 1319 2601 ἑρ-

173 2621 319 2703 μηνείαν
341 2618 412 2682 κτλ.

264 2720 384 2804 Causa,
411 2721 444 2787 ni
467 2721 571 2805 fallor,
597 2721 851 2807 interpolationis
873 2722 931 2789 illa
950 2722 1020 2808 luit,
1047 2721 1133 2807 quod
1156 2721 1320 2789 παλαίτε-

175 2845 239 2910 ρον
262 2822 313 2888 έτι
333 2824 367 2890 in
389 2825 599 2911 παλαίτερον
621 2823 690 2890 αἰεί
711 2849 745 2891 τι
766 2825 901 2892 abierat.

264 2947 297 3011 p.
320 2929 427 2992 leons
457 2924 647 3015 Κράτιστος
674 2925 738 3013 γάρ
767 2925 807 3015 δὴ
837 2925 978 2996 πάντων
1007 2926 1139 3015 ἐγένετο
1167 2925 1321 3017 ῥητόρων

177 3025 284 3115 φάσιν
307 3023 504 3117 ἀνθρώπων
525 3037 757 3098 κατοπτεῦσαι
778 3032 836 3097 καλ
861 3028 904 3098 τά
925 3030 1143 3120 προσήκοντα
1166 3029 1320 3110 ἑκάστοις

175 3124 370 3198 άποδοῦναι
392 3129 491 3221 πάθη
515 3157 551 3199 τε
574 3135 631 3200 καὶ
653 3129 723 3222 ἤδη
747 3135 804 3200 καλ
828 3133 921 3222 ἔργα.
961 3128 1173 3218 Ἀποδέδωμλ
1199 3158 1236 3202 τε
1260 3125 1321 3202 οὖν

177 3228 269 3321 αὐτῷ
298 3236 355 3301 καλ
385 3231 446 3323 την
476 3230 754 3326 εὐπρεπεστάτην
780 3233 913 3326 άρετην,
945 3238 1157 3325 καλουμένην
1184 3237 1220 3304 δὲ
1249 3231 1318 3304 ὑπὸ

176 3339 315 3406 πολλῶν
336 3335 537 3426 ἠθοποιίαν.
580 3340 773 3427 copulativa
794 3341 953 3428 particula
969 3364 1005 3407 τε
1020 3340 1243 3408 conseoutivae
1259 3330 1320 3407 odo

175 3440 285 3507 innota
300 3461 370 3508 cum
386 3443 547 3510 sententia
562 3451 695 3529 pugnat.
733 3442 909 3530 Dionysius
924 3443 1010 3512 enim
1025 3443 1107 3510 haec
1122 3443 1205 3510 uult:
1233 3442 1320 3528 „Ly-
1366 3523 1371 3532 .

175 3543 260 3608 siam
283 3545 419 3612 allectus
442 3567 545 3612 mores
567 3545 711 3612 lacinora
733 3546 955 3614 convenientia
983 3544 1153 3630 unicuique
1180 3545 1319 3612 tribuere

175 3645 254 3711 dixi.
303 3649 434 3714 Praeter
456 3655 563 3716 cetera
584 3649 683 3734 igitur
696 3650 793 3717 etiam
816 3648 877 3738 την
898 3644 1089 3737 ἠθοποιίαν
1109 3649 1158 3715 illi
1179 3649 1317 3715 tribuo.“

173 3747 282 3828 Quare
298 3749 501 3816 scribendum
516 3760 595 3837 puto
612 3745 808 3837 ἀποδίδωμί
830 3775 874 3838 γε
898 3741 973 3820 οὖν
990 3753 1060 3818 κτλ.
1098 3750 1220 3818 Similis
1232 3771 1319 3821 error

173 3851 403 3940 particulamm
426 3877 463 3939 γε
486 3862 518 3921 et
537 3877 572 3919 τε
588 3855 795 3922 confusarum
810 3854 946 3924 occurrit
967 3877 1000 3944 p.
1019 3858 1127 3939 troas,
1152 3855 1209 3922 ubi
1223 3856 1319 3942 volgo

172 3955 358 4022 exhibetur:
391 3957 483 4041 [vers.
499 3957 521 4042 a)
542 3963 641 4024 τοῦτο
657 3959 721 4041 μὲν
736 3955 775 4047 δὴ
789 3965 926 4045 πρῶτον
941 3958 1059 4041 ολόμσι
1074 3957 1145 4025 δεῖν
1160 3970 1313 4025 σκοπεῖν·

173 4057 342 4148 ἐπιστήμη
364 4083 401 4146 γε
424 4061 481 4126 καλ
504 4059 589 4128 idat.
637 4063 782 4149 Respicit
804 4069 914 4131 auctor
935 4063 977 4129 ad
1005 4063 1318 4149 verbap.1107nss

173 4161 252 4240 τοὺς
273 4164 502 4247 βουλομένους
524 4162 585 4254 την
607 4163 772 4234 σύνθεσιν
794 4159 940 4252 άκριβῶς
963 4163 1090 4232 εἰδέναι
1115 4163 1177 4254 την
1198 4169 1316 4256 Δημο-

171 4269 320 4343 σθένους
340 4270 397 4352 (sc.
416 4260 596 4350 άξιιίσαιμ’
616 4261 668 4352 ἂν)
687 4265 723 4334 ἐκ
738 4268 875 4334 πολλῶν
891 4261 997 4356 αὐτὴν
1012 4263 1208 4350 δοκιμάζειν
1223 4267 1316 4334 ἰδιω-
