3262 4926
616 397 831 458 ...79-

153 603 209 648 sus
232 585 284 647 90.
314 587 326 644 1
361 603 402 650 err
432 582 511 648 libro
533 584 636 668 primo
658 583 810 668 repetitos
834 583 1056 662 substituisse,
1081 583 1200 666 quippe
1222 581 1295 663 qui-

155 687 213 752 bus
241 705 279 751 eo
308 686 378 752 loeo
402 685 531 752 minime
554 686 597 752 sit
618 706 711 771 opus.
758 686 823 754 Sed
845 687 970 754 duabus
994 687 1098 766 rebus,
1125 705 1205 770 quas
1228 685 1295 768 prr'-

153 807 224 854 mus
246 787 457 854 Neumsunus
480 788 721 869 animadvertit,
747 789 824 855 mihi
853 790 1065 875 persuadetur
1087 807 1199 855 versus
1221 786 1295 852 illos

282 893 366 956 aede
387 893 496 956 volares
518 892 601 977 ipris
617 893 799 976 meruerit
821 902 877 958 aet
898 893 931 957 in
953 901 1060 956 utram
1081 913 1114 956 se

284 996 414 1060 uerterit
434 996 507 1060 lirae
523 1005 663 1080 perterre,
689 1019 748 1082 pso
765 1006 864 1080 paeto
883 1019 944 1081 per
966 997 1035 1062 ioca
1057 1003 1167 1078 saepto

282 1099 464 1178 irrsirrsurit,
490 1108 521 1164 et
541 1099 614 1164 tine
637 1100 815 1164 demiratus
838 1109 874 1164 st
895 1099 1044 1164 extulerit
1065 1121 1099 1162 se
1305 1163 1307 1168 ,

153 1210 225 1287 post
247 1203 310 1266 382
333 1201 416 1268 falso
438 1202 575 1268 insertos
599 1221 681 1268 esse.
728 1203 881 1286 Legimus
905 1201 991 1268 enim
1018 1201 1081 1284 (VI,
1109 1203 1171 1264 379
1187 1201 1289 1282 sqq.):

281 1305 338 1369 hoe
361 1313 408 1369 est
429 1305 563 1391 ipriferi
582 1314 731 1370 notorum
743 1304 899 1392 fulminis
921 1305 1022 1388 speram

276 1407 456 1490 perspicere
478 1416 508 1472 et
530 1429 591 1492 quo
614 1408 646 1471 oi
656 1407 768 1495 fuer'at
790 1430 855 1472 rem
879 1429 1030 1492 quumque
1053 1406 1166 1484 veiim,

281 1533 342 1574 raon
361 1511 525 1596 Tyrrheno
547 1520 632 1574 retro
648 1513 820 1576 solventem
843 1517 984 1575 carmina
996 1512 1131 1596 frustra

279 1613 397 1678 indicio
419 1614 558 1678 occultae
580 1613 687 1678 disum
707 1615 892 1698 perquirere
914 1615 1038 1678 mentes.

150 1716 186 1780 lrr
209 1715 383 1800 'l'yrrbeuis
412 1723 518 1782 autem
547 1717 740 1783 carminibus
771 1717 804 1781 id
833 1716 927 1782 modo
949 1716 1104 1801 seriptum
1127 1721 1206 1791 erut,
1233 1713 1292 1778 boo

150 1818 202 1883 vel
224 1818 305 1884 illud
327 1818 495 1884 fulminum
517 1838 619 1902 genus
642 1819 782 1886 faustum
811 1821 916 1886 sitan
940 1820 1025 1885 malo
1047 1823 1162 1898 omine,
1187 1835 1292 1900 neque

151 1920 285 1998 veroid,
304 1923 387 1985 unde
401 1922 511 1986 solorre
526 1921 609 2006 ipris
625 1923 806 2004 peruenerit
821 1932 878 1986 ete.
912 1921 1020 2000 Quare
1034 1940 1147 1988 versus
1163 1922 1290 1986 sss-5

150 2022 280 2088 hicnon
295 2030 430 2108 possunt
445 2024 592 2108 primitus
608 2024 712 2090 looum
725 2025 889 2091 habuisse.
917 2027 1090 2092 Praeterea
1101 2041 1215 2089 versus
1228 2023 1291 2087 386

151 2146 215 2190 uon
236 2133 344 2212 potest
366 2147 432 2193 una
453 2147 525 2193 oum
549 2131 676 2192 383-Ξ)
700 2149 721 2192 a
738 2129 924 2213 perquirere
944 2131 1026 2210 (384)
1054 2126 1207 2212 pendere.
1249 2124 1290 2189 Hi

151 2229 235 2294 euim
259 2229 301 2294 ad
324 2230 480 2296 rationem
501 2231 673 2316 pertinent,
701 2232 756 2296 ille
778 2231 821 2297 ad
844 2251 916 2297 eam
939 2231 1179 2313 quaestionem,
1205 2227 1290 2312 quod

151 2350 244 2397 omen
274 2333 307 2397 in
335 2332 473 2416 singulis
501 2332 617 2398 ictibus
646 2333 753 2400 inesse
782 2334 897 2420 possit.
945 2333 1155 2400 Desideratur
1182 2338 1290 2397 antem

150 2455 190 2500 ea
205 2435 361 2518 quaestio,
386 2457 475 2499 num
486 2438 679 2522 faustum
701 2438 758 2500 sit
769 2438 945 2523 fulmen.
986 2436 1109 2514 Quibus
1125 2435 1166 2502 de
1182 2434 1289 2502 nausis

151 2537 229 2603 nribi
259 2559 326 2605 non
355 2538 486 2604 dubium
515 2547 580 2620 est,
610 2540 686 2624 quin
709 2559 821 2605 versus
852 2543 992 2606 usn-5
1023 2547 1080 2606 sut
1107 2537 1291 2624 interpolati

149 2648 205 2707 aut
227 2661 248 2706 a
269 2641 389 2707 lectore
404 2641 436 2706 iu
453 2642 598 2725 margine
613 2641 778 2726 adscripti,
802 2641 921 2708 deinde
936 2644 969 2707 in
985 2649 1167 2708 contextum
1182 2647 1291 2706 trans-

150 2744 207 2809 lati
230 2745 311 2820 siut,
342 2745 389 2810 ita
418 2753 453 2809 ut
482 2765 578 2810 uuum
609 2745 835 2812 Lucretianum
863 2744 1078 2830 depellerent,
1112 2743 1166 2828 qui
1196 2763 1290 2826 quem

150 2867 279 2914 sensum
303 2846 459 2929 habuerit,
486 2849 568 2914 berre
591 2869 632 2915 ex
653 2868 702 2931 eo,
729 2869 824 2932 quem
838 2849 1049 2916 Neumunuus
1067 2847 1169 2927 fiuxit,
1195 2867 1291 2914 versu

149 2950 363 3034 intellegitur:
405 2952 483 3035 quid
513 2951 574 3016 sibi
601 2952 769 3035 praedicat
795 2953 911 3039 foresti
942 2952 989 3016 or's
1021 2952 1186 3036 splendida
1222 2951 1287 3014 teli.

150 3054 261 3136 Itaque
283 3054 434 3136 quonium
457 3054 595 3120 dubitari
611 3056 732 3138 nequit,
758 3056 834 3138 quin
856 3059 962 3120 tib-9
986 3063 1071 3121 reete
1092 3073 1128 3120 se
1150 3053 1291 3120 babeant

151 3176 188 3222 eo
218 3157 305 3238 loeo,
346 3158 400 3222 ubi
430 3157 557 3224 oodioes
586 3177 642 3224 eos
671 3160 843 3244 praebent,
876 3159 1018 3242 sequitur
1048 3177 1161 3224 versus
1191 3162 1245 3223 90.
1273 3163 1284 3220 t

150 3261 232 3326 salso
255 3281 295 3327 err
318 3260 399 3326 libro
421 3262 524 3346 primo
546 3262 698 3346 repetitos
721 3281 803 3328 esse.
829 3299 871 3310 -—

236 3363 359 3428 Eodem
392 3363 460 3429 fero
490 3364 583 3430 modo
613 3372 709 3447 atque
737 3366 786 3442 is,
818 3383 913 3448 quem
943 3363 1038 3430 modo
1068 3364 1286 3442 tractavimus,

149 3467 238 3532 loous
261 3467 415 3552 explicari
438 3475 573 3552 possunt
595 3487 710 3534 versus

612 3572 649 3651 v,
679 3574 817 3634 oro-2.

236 3675 298 3738 206
323 3675 407 3757 qaod
426 3683 567 3757 superest
587 3675 669 3751 orei,
696 3683 798 3740 temere
821 3675 858 3740 id
878 3682 1075 3738 nemeaeus
1098 3675 1130 3737 ui

325 3776 462 3841 sentibus
484 3777 630 3854 obducet,
655 3776 691 3842 rii
712 3777 758 3841 vis
780 3777 917 3841 humone
939 3775 1070 3841 resistet

325 3879 405 3944 sitsi
424 3901 519 3944 eausa
542 3880 646 3944 ualido
669 3890 815 3946 eoresueto
838 3880 959 3944 bidenti

326 3983 479 4066 inpersere
502 3992 533 4047 et
556 3991 673 4048 terram
692 3985 812 4066 pressis
830 3984 1037 4068 proscindere
1059 3981 1187 4046 aratris.

234 4090 297 4150 210
319 4087 349 4149 si
368 4107 430 4148 nort
442 4086 604 4171 fecundos
627 4095 782 4152 uertentes
805 4107 926 4150 uomere
947 4087 1057 4170 plebes

327 4189 484 4273 terraique
505 4191 607 4254 solum
629 4191 805 4275 sobiperstes
826 4191 925 4254 cineus
948 4189 993 4254 ed
1013 4196 1111 4272 ortus,

323 4301 512 4375 sponm‘suo
534 4303 688 4375 nequeant
710 4293 847 4378 liqur'das
870 4292 1004 4358 existere
1026 4293 1059 4355 irs
1082 4313 1187 4356 uterus.
