3280 4934
620 473 659 481 -
707 433 780 517 [ss]
829 474 867 482 -
1269 439 1310 503 41

164 629 364 695 Nietzsohius
374 630 400 716 ¹)
419 631 536 707 docuit,
559 629 817 716 Bemhardyus2)
840 651 860 694 a
882 631 935 714 pio
958 633 1095 714 quodam
1118 631 1238 698 lectore
1256 635 1313 699 ad·

165 737 235 801 dita
258 744 291 802 et
314 759 352 801 ex
374 737 562 820 glossemate
585 737 619 802 in
641 736 726 801 hunc
747 736 851 803 locum
874 738 1032 802 translata
1052 759 1120 804 esse
1138 739 1313 806 arbitratus

166 849 222 910 est.
269 843 350 908 Inde
376 843 574 926 intellegitur
596 841 713 908 Suidas
741 842 878 908 alterum
906 845 1078 927 elegiarum
1106 844 1223 910 librum
1250 867 1313 917 non

165 957 238 1035 post
256 952 394 1035 priorem
407 951 546 1034 positum
560 950 744 1034 apparuisse
758 951 792 1014 in
809 947 872 1014 fine
886 951 1025 1016 omnium
1039 950 1314 1036 Theognideorum

167 1057 237 1144 (cfr.
262 1057 299 1122 ἐν
321 1057 412 1144 μέσῳ
435 1053 592 1142 τούτων).

256 1164 350 1230 Unde
372 1171 479 1230 tamen
497 1185 605 1230 censes
623 1163 753 1229 Suidam
772 1185 811 1229 ea
829 1185 911 1247 quae
929 1163 969 1230 de
987 1165 1132 1251 μιαρὶαις
1150 1171 1182 1230 et
1200 1165 1312 1230 παιδι-

166 1285 239 1350 κοῖς
262 1267 364 1359 ἔρωσι
387 1273 481 1348 dixit,
509 1271 678 1355 sumpsisse
700 1271 761 1335 nisi
785 1291 824 1336 ex
846 1271 914 1353 ipso
943 1270 1026 1336 libro
1049 1273 1170 1337 altero?
1198 1272 1312 1340 Suidas

166 1379 265 1464 igitur
287 1379 404 1444 librum
421 1380 556 1444 alterum
574 1378 700 1444 videtur
717 1379 850 1455 novisse,
873 1378 929 1448 sed
951 1378 1030 1462 legit
1049 1379 1183 1444 fortasse
1207 1380 1312 1462 potins

166 1493 223 1552 aut
245 1488 330 1552 inter
348 1487 426 1552 duas
449 1487 521 1551 illas
539 1485 684 1569 syllogas,
707 1507 744 1550 ex
767 1485 881 1569 quibus
904 1485 1021 1550 librum
1043 1487 1181 1570 priorem
1200 1506 1311 1552 consu-

167 1599 235 1658 tum
254 1615 322 1659 esse
340 1593 512 1669 docuimus,
534 1592 730 1669 collocatum,
748 1598 806 1656 aut
828 1629 870 1639 -
889 1591 922 1656 id
942 1592 1027 1674 quod
1050 1591 1248 1676 probabilius
1265 1593 1312 1656 vi·

166 1702 260 1766 detur
271 1739 312 1748 —
323 1702 406 1765 inter
415 1698 608 1782 Theognidis
622 1699 740 1764 librum
753 1698 890 1783 priorem
906 1705 938 1764 et
952 1699 1274 1783 Pseudopbocylidea:
1284 1701 1311 1786 ³)

166 1830 239 1874 nam
263 1807 359 1872 etiam
385 1807 419 1870 in
443 1806 552 1871 codice
574 1805 745 1871 Mutinensi
773 1806 833 1870 hoo
855 1825 924 1870 sese
953 1806 1064 1871 ordine
1088 1806 1249 1890 excipiunt
1275 1805 1310 1870 hi

165 1915 255 1981 libri:
282 1913 364 1978 liber
387 1913 662 1996 Theognidecrum
688 1915 789 1996 prior,
816 1912 898 1977 liber
920 1910 1194 1995 Theognideorum
1222 1914 1312 1989 alter,

167 2020 486 2104 Pseudophocylidea.
532 2017 678 2085 Fortasse
705 2021 803 2104 igitur
831 2020 896 2084 sive
920 2017 1034 2084 Suidas
1057 2019 1122 2084 sive
1145 2019 1226 2084 alius
1250 2019 1311 2103 By-

166 2129 310 2193 zantinus
343 2127 447 2192 nescio
479 2127 563 2210 quis,
599 2127 654 2209 qui
686 2126 743 2191 illa
775 2117 847 2190 ἀλλ’
880 2124 917 2190 ἐν
949 2123 1039 2210 μέσῳ
1072 2121 1207 2191 τούτων
1239 2128 1309 2190 κτλ.

165 2233 306 2318 scripsit,
334 2240 367 2299 et
395 2254 447 2298 eas
474 2235 661 2308 sententias,
689 2255 769 2317 quae
797 2231 879 2297 libro
907 2232 1180 2316 Theognideorum
1206 2232 1311 2316 priore

165 2342 376 2418 conburentur,
399 2349 431 2405 et
455 2363 515 2422 aas,
539 2363 578 2406 ex
601 2340 715 2424 quibus
737 2338 1049 2423 Pseudophocylidea
1071 2345 1226 2415 constant,
1248 2361 1309 2403 πα-

164 2445 328 2532 ραινέσεις
345 2447 537 2530 Theognidis
559 2469 627 2513 esse
646 2446 843 2531 opinabatur,
866 2467 1035 2528 quoscum
1057 2447 1091 2510 in
1109 2447 1226 2522 codice,
1248 2465 1310 2527 quo

166 2553 316 2623 utebatur
335 2553 485 2641 (eundem
499 2576 569 2619 oum
584 2555 755 2620 Mutinensi
770 2553 945 2619 carminum
959 2552 1103 2618 ordinem
1117 2551 1311 2637 exhibente),

165 2663 360 2744 interruptas
379 2682 446 2726 esse
465 2663 596 2726 vidisset
614 2659 715 2738 Musa
732 2659 873 2744 paedica'
894 2659 926 2744 (i.
947 2679 972 2724 e.
991 2659 1074 2724 libro
1093 2658 1310 2743 Theognideo-

165 2789 236 2832 rum
258 2768 388 2854 altero),
415 2769 456 2833 ad
480 2789 548 2832 eam
572 2768 695 2832 delatus
717 2773 766 2832 est
789 2765 1011 2849 suspicionem,
1039 2788 1132 2850 quam
1156 2766 1311 2849 expressit

165 2874 270 2941 verbis
294 2866 365 2939 ἀλλ’
389 2873 426 2938 ἐν
448 2873 539 2960 μέσῳ
561 2870 694 2940 τούτων
714 2925 720 2938 .
742 2925 748 2938 .
770 2925 776 2937 .
796 2873 923 2956 μιαρίαι
946 2874 1016 2936 κτλ.
1060 2873 1163 2957 Atque
1187 2873 1310 2948 similia,

165 2982 226 3046 nisi
249 3003 300 3046 me
323 2981 442 3046 deserit
465 2981 624 3058 memoria,
646 2982 679 3044 in
702 2980 818 3047 scholis
842 2977 976 3044 coniecit
1000 2979 1174 3045 Guilelmus
1196 2978 1311 3045 Stude-

164 3089 307 3153 mundus.

257 3285 275 3348 ¹)
295 3255 369 3338 Mus,
386 3286 474 3340 Rhen.
493 3287 561 3341 Nos.
582 3285 633 3338 vol.
654 3283 733 3338 XXII
753 3300 779 3353 p.
801 3283 860 3338 189.
892 3294 896 3304 ’

257 3369 277 3427 ‘l
297 3373 408 3428 Griech.
428 3373 675 3442 Litteraturgesch.
694 3373 729 3437 ll,
751 3371 779 3427 1¹
798 3389 824 3442 p.
844 3371 904 3427 532.

254 3461 343 3526 ³)clr.
362 3478 388 3530 p.
409 3461 451 3516 86¹
462 3463 524 3516 adn.
545 3465 568 3516 1.

481 4387 569 4440 Lipsiae
583 4389 643 4440 typis
658 4386 823 4430 Poesahelii
838 4389 861 4428 at
876 4387 996 4438 Treptij.
