3258 4928
223 1489 284 1597 llx
298 1553 361 1615 quo
372 1531 432 1598 viri
447 1531 532 1597 docti
547 1531 723 1616 priscorum
739 1530 930 1614 scriptorum
947 1531 1118 1597 latinorum
1135 1532 1274 1596 sermoni

140 1634 316 1699 accuratius
332 1634 553 1716 cognoscendo
569 1653 698 1716 operam
711 1617 877 1718 dederunt,
892 1634 1050 1717 quomodo
1061 1654 1118 1718 per
1129 1634 1276 1717 singulas

140 1743 260 1802 aetates
275 1735 387 1820 lingua
402 1737 504 1801 latina
518 1755 690 1820 progressa
711 1735 753 1802 sit
767 1743 800 1800 ct
815 1737 954 1819 exculta,
974 1737 1161 1820 diligentius
1177 1757 1276 1820 quae-

141 1860 207 1905 rere
223 1847 406 1924 coeperunt.
439 1839 550 1905 Solent
562 1839 660 1921 igitur
671 1859 755 1904 nunc
768 1840 914 1924 singulos
926 1841 1101 1925 scriptores
1113 1861 1176 1905 uon
1190 1841 1276 1925 ipsos

139 1943 291 2026 neglectis
314 1943 387 2008 aliis
410 1942 630 2027 contemplari,
658 1943 715 2007 sed
731 1943 825 2008 simul
840 1943 1049 2026 investigare,
1075 1965 1139 2026 qua
1156 1945 1276 2010 ratione

139 2047 257 2128 singuli
280 2047 362 2110 iuter
385 2066 419 2111 se
442 2045 637 2110 cohaereant
659 2045 817 2126 quibusve
840 2046 880 2111 de
904 2047 1011 2111 causis
1040 2047 1099 2111 boc
1122 2049 1173 2112 vel
1197 2049 1276 2113 illud

139 2150 170 2213 iu
194 2149 304 2230 lingua
325 2149 530 2212 mutaverint.
574 2149 685 2230 ltaque
702 2147 753 2212 bis
768 2149 895 2213 demum
912 2150 1108 2233 temporibus
1123 2150 1276 2216 historica

138 2271 232 2331 quam
257 2257 373 2314 vocant
396 2250 606 2332 grammatica
623 2249 743 2332 'coepta
765 2257 815 2316 est
837 2251 942 2316 condi.

224 2355 270 2417 Ac
294 2352 414 2418 formae
435 2352 561 2435 quidem
586 2353 810 2419 vocabulorum
834 2373 874 2418 ne
898 2354 1004 2438 prisca
1024 2354 1154 2436 quidem
1170 2361 1276 2420 aetate

139 2458 271 2521 multum
295 2456 416 2521 distant
438 2456 479 2520 ab
501 2455 553 2538 iis,
580 2476 664 2538 quae
688 2464 801 2539 postea
823 2457 856 2521 in
879 2477 939 2522 usu
962 2465 1073 2523 erant:
1098 2479 1275 2541 quaecum

138 2561 249 2626 Sullae
264 2560 331 2626 fere
346 2560 541 2644 temporibus
559 2559 738 2624 accuratius
753 2561 946 2627 constitutae
962 2568 1081 2644 essent,
1106 2583 1163 2646 per
1178 2563 1278 2627 multa

137 2665 271 2729 saecula
294 2684 396 2745 usque
419 2664 460 2728 ad
484 2663 605 2728 exitum
628 2663 755 2747 imperii
780 2665 914 2729 Romani
939 2664 1006 2731 lere
1028 2666 1162 2732 caedem
1186 2687 1278 2734 man-

137 2777 263 2844 seruut3
292 2775 401 2832 contra
423 2775 456 2833 et
478 2766 607 2851 syntaxi
630 2773 663 2830 et
685 2767 854 2832 verborum
877 2769 1027 2835 thesauro
1050 2781 1083 2835 et
1106 2771 1279 2836 vocabulo-

137 2891 208 2935 rum
232 2871 419 2936 formatione
442 2870 589 2952 singulae
612 2877 735 2936 aetates
766 2870 936 2955 plurimum
966 2872 1051 2938 iuter
1079 2893 1113 2938 sc
1143 2874 1275 2939 distant.

135 2973 244 3054 Atque
275 2994 345 3038 cum
376 2973 522 3057 syntaxis
560 2972 685 3052 quidem
724 2993 836 3057 parum
874 2975 1003 3040 exculta
1037 2976 1124 3060 apud
1154 2977 1278 3061 priscos

137 3076 328 3160 scriptores,
362 3075 469 3140 nimiis
499 3075 643 3140 artificiis
673 3095 770 3160 saepe
800 3077 975 3159 exsanguis
1005 3084 1037 3143 et
1066 3079 1223 3162 languida
1245 3079 1277 3143 in

134 3187 294 3261 argentea
315 3179 473 3244 latinitate
495 3178 596 3244 fuisse
620 3177 775 3260 videatur,
804 3200 844 3244 ex
867 3199 985 3246 aureae
1008 3182 1125 3248 aetatis
1142 3183 1277 3266 scripto·
1380 3259 1384 3269 ¹

135 3281 225 3346 ribus
238 3288 496 3367 praeterceteros
505 3281 692 3348 Ciceronem
705 3282 848 3365 linguam
860 3281 993 3346 latinam
1002 3282 1276 3366 elegantissimam

135 3392 169 3449 et
193 3385 235 3450 ad
257 3386 422 3470 complura
438 3383 598 3450 scribendi
614 3405 734 3467 genera
750 3371 1024 3470 expeditissimam
1040 3385 1186 3452 effecisse
1202 3406 1278 3452 con-

134 3496 213 3552 stat.
255 3490 321 3554 Nec
344 3496 452 3554 tamen
475 3488 583 3553 omnia
605 3487 770 3554 Ciceronis
786 3489 905 3573 scripta
918 3487 1032 3554 eadem
1047 3488 1189 3572 insignia
1204 3496 1278 3555 suut

135 3592 295 3656 sermonis
317 3591 524 3676 perfectione.
572 3591 713 3657 Primum
736 3591 821 3656 enim
845 3612 916 3657 cum
932 3591 1015 3658 iuter
1030 3591 1160 3675 singulo
1176 3594 1278 3678 scrip-

134 3702 241 3758 torum
273 3715 393 3776 genera
422 3715 541 3776 magna
570 3694 748 3760 intercedat
777 3694 977 3775 differentia,
1011 3701 1077 3760 tum
1105 3696 1274 3779 epistulae,

133 3817 274 3879 quarum
297 3817 402 3862 sermo
424 3797 614 3881 saepissime
636 3797 678 3862 ad
702 3798 868 3879 vulgarem
890 3797 1018 3862 dicendi
1034 3817 1125 3862 usum
1143 3797 1278 3864 deseen-

132 3901 203 3982 dit,
236 3901 400 3984 proprium
430 3908 463 3965 et
492 3901 686 3983 singularem
717 3901 860 3965 obtinent
888 3900 1002 3966 locum.
1050 3901 1176 3967 Deinde
1206 3923 1276 3967 cum

133 4005 251 4070 Cicero
274 4023 452 4069 sermonem
476 4023 533 4086 per
552 4004 698 4086 singulas
715 4003 799 4068 vitae
814 4010 923 4086 partes
939 4003 1095 4087 paulatim
1111 4010 1144 4069 et
1158 4005 1277 4087 grada-

132 4111 195 4172 tim
218 4108 259 4172 ad
284 4127 354 4172 earn
377 4128 473 4189 quam
490 4108 586 4190 vulgo
602 4106 797 4172 admiramur
812 4107 1006 4188 elegantiam
1023 4109 1217 4190 provexerit,
1244 4109 1277 4173 in

131 4213 176 4276 iis
203 4211 308 4282 libris,
340 4231 419 4292 quos
442 4210 560 4296 primos
590 4210 733 4294 scripsit,
767 4209 925 4293 permulta
953 4209 1101 4287 admisit,
1131 4231 1213 4293 quae
1242 4212 1277 4276 in

133 4313 370 4398 posterioribus
400 4314 517 4378 frustra
540 4333 687 4395 quaeras.
734 4312 820 4390 Quos
850 4333 921 4377 curn
950 4314 1120 4378 admodum
1151 4314 1277 4380 iuvenis

1056 4435 1067 4484 l
