3268 4920
330 397 371 460 70
767 431 811 442 --
870 398 942 458 1111
991 432 1035 440 -

330 581 432 650 edidit
447 583 571 650 Cicero.
612 585 661 649 lle
684 585 841 668 exemplis
856 583 1030 668 diligenter
1043 603 1064 646 a
1078 582 1244 665 Draegero
1259 584 1275 646 l
1297 583 1315 666 §
1330 586 1372 646 30
1396 603 1472 648 cou-

331 686 431 770 geslis
455 687 675 770 excerpsimus
697 707 756 764 eo,
780 707 863 769 quae
887 687 921 750 in
944 686 1012 751 illis
1033 686 1184 768 leguntur
1205 685 1311 764 libris,
1338 705 1471 767 quorum

334 789 508 874 praecipue
531 791 687 856 rationem
709 789 880 856 habemns:
906 789 975 855 Cic.
1000 789 1067 854 inv.
1093 789 1117 867 1,
1145 791 1197 868 33,
1217 793 1257 852 55
1287 789 1319 852 ei
1339 790 1396 872 qui
1413 789 1474 852 sibi

332 915 370 956 ce·
392 893 460 977 lepe
478 902 611 976 praetor
632 903 834 971 successerat,
860 893 904 969 ll,
931 897 962 963 2,
981 896 999 956 7
1025 893 1081 976 qui
1100 901 1174 956 urire
1194 915 1228 956 re
1238 893 1382 977 suerum
1418 892 1470 956 ubi

332 1003 440 1062 lamen
463 1019 496 1059 se
519 995 687 1080 Kayserns
710 996 806 1062 eiecit
828 1003 960 1062 secutus
982 996 1170 1079 optimorum
1194 994 1340 1060 codicum
1355 995 1471 1060 Herbi-

331 1097 465 1183 politani
487 1108 520 1164 et
543 1099 735 1164 Parisiensis
757 1118 872 1164 manus
894 1099 1042 1183 primas),
1069 1099 1161 1164 Rosa.
1187 1100 1259 1162 Am.
1287 1101 1317 1174 2,
1341 1102 1361 1162 6
1383 1120 1471 1161 screa-

328 1203 441 1284 pulum
464 1202 520 1285 qai
538 1225 572 1266 se
599 1203 664 1266 dies
691 1211 855 1286 molesque
883 1202 1029 1265 stimulat
1056 1225 1094 1265 ue
1116 1202 1244 1285 purrpil.
1291 1199 1342 1266 Cf.
1375 1201 1470 1266 etiam

333 1304 456 1370 Lorenz
486 1312 519 1372 et
547 1305 624 1370 Bria
646 1303 690 1370 ad
712 1305 817 1370 Plenti
840 1305 908 1369 llil.
939 1306 1016 1370 182:
1046 1303 1235 1389 Nipperdey
1257 1323 1367 1388 opusc.
1394 1323 1469 1388 pag.

338 1411 413 1483 167;
441 1407 605 1472 Hellmnth
622 1415 685 1474 act.
704 1409 770 1472 Erl.
790 1409 805 1472 l
822 1428 896 1492 pag.
914 1411 970 1472 131
985 1431 992 1477 :
1020 1406 1159 1472 Koehlor
1173 1406 1252 1472 ibid.
1270 1406 1286 1468 l
1304 1427 1380 1490 pag.
1396 1412 1467 1469 115.

419 1511 664 1577 Pronominibus
686 1511 878 1590 indefinitis,
912 1531 1045 1595 qnorum
1075 1511 1125 1577 vis
1151 1511 1257 1594 magis
1280 1511 1471 1595 proseratur,

334 1611 421 1678 haud
443 1613 490 1678 ita
511 1635 585 1680 raro
607 1614 682 1680 addi
699 1637 780 1678 urana
799 1615 908 1681 moltis
924 1615 1080 1700 exemplis
1096 1615 1282 1699 comprobet
1295 1614 1473 1697 Draegerl

333 1717 350 1800 ᾗ
367 1720 420 1780 19.
460 1715 561 1793 Quem
585 1737 679 1783 usum
693 1737 885 1800 qnarnqnam
900 1739 942 1784 ne
957 1717 1174 1802 probatissimi
1190 1716 1321 1798 quidem
1337 1718 1474 1802 scripto-

335 1837 387 1884 res
410 1819 575 1903 aspernati
599 1828 684 1900 sunt,
710 1821 814 1904 magis
837 1829 944 1886 tamen
967 1820 1112 1905 vulgaris
1135 1821 1292 1886 sermonis
1311 1839 1385 1886 esse
1399 1841 1471 1905 pro

336 1921 439 2005 prium
463 1921 535 1988 ideo
559 1922 655 1989 facile
678 1924 756 1989 milri
778 1924 969 2010 persuadeo,
996 1923 1081 2007 qnod
1102 1925 1135 1988 in
1154 1923 1274 2006 linguis
1290 1925 1472 1990 Romanieis

335 2023 522 2107 pronomine
543 2025 712 2093 indefinita
734 2028 835 2092 multa
857 2047 929 2093 eum
950 2049 1030 2090 uerus
1061 2033 1136 2092 sunl
1158 2025 1352 2111 composita,
1387 2028 1474 2092 velut

335 2126 434 2192 franc.
451 2149 562 2196 aucun.
579 2129 699 2194 clamor
710 2136 786 2208 eie,
800 2130 871 2195 ital.
886 2131 997 2194 alcuna
1010 2138 1070 2196 ete.
1097 2129 1147 2194 De
1158 2128 1328 2196 Cornificio
1338 2129 1473 2213 petitum

336 2249 433 2296 unum
458 2231 549 2296 nobis
571 2240 700 2316 praesto
715 2241 765 2298 est
780 2234 961 2317 exemplum
981 2234 1024 2312 Π,
1046 2235 1077 2312 8,
1100 2236 1137 2296 12
1161 2232 1262 2316 quiuis
1277 2253 1356 2295 caru
1370 2232 1471 2296 lonso.

423 2335 502 2400 Cum
528 2335 733 2420 neglegentia
755 2336 893 2418 quadam
910 2336 1023 2401 Cicero
1040 2335 1168 2421 scripsit
1190 2336 1255 2400 inv.
1276 2336 1319 2416 11,
1338 2339 1390 2416 58,
1416 2339 1473 2398 111

336 2439 403 2502 arra·
419 2438 619 2522 potissimam
641 2440 862 2504 corcolmum
885 2439 927 2503 sir
948 2459 1006 2523 pro
1035 2439 1103 2502 uiri
1123 2439 1244 2522 polius.
1291 2438 1340 2504 cf.
1367 2446 1473 2504 tamen

336 2541 431 2606 Hand
447 2541 542 2608 Tuus.
561 2541 604 2606 IV
620 2564 651 2626 p.
668 2545 742 2624 520,
761 2543 815 2625 qui
826 2542 1026 2626 polr'ssr'mum
1041 2541 1207 2624 coniungit
1222 2562 1294 2607 eum
1311 2542 1475 2606 cousulen-

336 2647 428 2722 dom;
453 2645 538 2726 quod
561 2663 673 2710 vereor
694 2665 734 2710 ne
758 2645 960 2712 artificiosius
983 2645 1026 2710 sil
1048 2645 1275 2728 excogitatum.
1324 2645 1473 2710 Celerum

336 2747 447 2814 Cicero
470 2747 502 2812 in
526 2746 637 2814 eodem
660 2748 741 2813 libro
764 2749 806 2826 ΙΙ,
833 2751 885 2826 19,
911 2751 966 2812 117
991 2749 1038 2814 ait
1059 2749 1104 2811 uel
1121 2757 1226 2812 ulrum
1238 2747 1345 2829 polius
1361 2749 1469 2832 lepcm.

690 2869 760 2952 §l
809 2869 864 2934 De
887 2867 1116 2934 adverbiis.

423 2973 591 3056 loripede,
624 2971 715 3038 onius
744 2971 889 3038 adverbii
919 2991 997 3038 usus
1025 2971 1059 3036 in
1088 2971 1278 3037 comieornm
1309 2979 1473 3054 poetarum

336 3093 481 3140 sermone
511 3075 599 3159 viget
634 3075 684 3151 (cf.
719 3073 795 3140 Brix
825 3074 868 3140 ad
891 3074 996 3139 Plaut.
1029 3074 1115 3138 Men.
1145 3077 1235 3155 1010)
1271 3093 1340 3138 cnm
1371 3073 1475 3156 mique

336 3178 537 3244 coniunctum
554 3185 604 3244 est
619 3179 667 3243 Pl.
686 3178 769 3244 llud.
786 3183 816 3259 3,
833 3181 863 3258 2,
879 3181 919 3240 20
938 3178 1095 3261 (iusipnr’re
1110 3177 1240 3262 inique).
1278 3175 1380 3240 Huius
1397 3195 1474 3240 usus

337 3301 399 3346 non
417 3281 582 3347 immemor
597 3281 710 3348 Cicero
726 3279 807 3346 dixit
822 3280 950 3358 Quinct.
971 3283 1022 3360 23,
1043 3283 1083 3345 73
1102 3280 1249 3364 irrsipm're
1263 3279 1422 3362 improbus·
1443 3286 1477 3344 et

337 3384 420 3448 Phil.
438 3385 604 3464 3,1,101.
624 3385 802 3468 impudens:
829 3383 870 3450 cf.
886 3382 1057 3467 Landgraf
1069 3383 1090 3448 l.
1106 3383 1128 3449 l.
1148 3404 1178 3467 p.
1197 3386 1249 3447 37.
1287 3381 1361 3447 Alio
1378 3401 1474 3447 sensu

336 3487 484 3571 iacr'pru'rc
506 3486 626 3552 dictum
650 3493 699 3554 est
721 3487 815 3552 Corn.
840 3486 903 3567 Ill,
934 3490 983 3567 16,
1004 3489 1044 3550 29
1067 3485 1216 3570 iusipnire
1239 3521 1281 3532 -
1304 3485 1449 3549 aleatori.

427 3589 515 3655 Or'rro
538 3590 570 3654 in
595 3591 690 3656 certis
717 3589 909 3673 quibusdam
939 3590 1083 3656 formulis
1113 3588 1264 3656 cotidiani
1294 3607 1371 3654 aens
1402 3608 1478 3672 pro-

338 3693 416 3778 priis
446 3701 597 3778 apparet,
630 3695 719 3760 velut
747 3695 831 3760 ultro
859 3703 890 3757 et
919 3693 999 3757 citra
1030 3693 1099 3767 uia.
1131 3694 1225 3760 Ruso.
1251 3692 1321 3757 Am.
1356 3694 1414 3768 22,
1435 3695 1475 3756 60

337 3795 476 3861 homiues
498 3818 626 3861 cursore
648 3797 732 3861 ultro
754 3805 785 3861 el
807 3795 887 3860 m'lro
909 3819 971 3860 rrou
993 3795 1192 3860 destiterunt.
1232 3795 1396 3861 Permulta
1410 3794 1477 3860 eol-

338 3900 418 3983 legit
446 3900 594 3986 exemplu
623 3899 770 3966 Handins
798 3899 893 3964 Turs.
918 3899 951 3964 II
979 3919 1056 3984 pag.
1084 3901 1125 3964 86
1148 3917 1237 3982 sqq.;
1270 3897 1385 3982 quibus
1413 3897 1476 3981 ipsi

337 4002 505 4069 addimus:
532 4009 560 4084 a)
588 4003 671 4067 eluro
688 4003 827 4087 citroque
842 4002 913 4067 eat.
932 4022 958 4067 r.
977 4023 1005 4066 r.
1031 4005 1071 4067 33
1094 4001 1139 4067 id.
1165 4000 1245 4084 orig.
1270 4021 1303 4085 p.
1323 4002 1374 4082 84,
1398 4003 1408 4062 1
1431 4000 1472 4072 Ρ;

338 4107 465 4172 Sisenn.
492 4106 566 4172 bist.
585 4107 630 4172 IV
653 4127 686 4191 p.
706 4108 779 4188 289,
801 4105 841 4168 22
858 4106 898 4179 Ρ;
926 4105 996 4171 Liv.
1017 4110 1047 4186 3,
1067 4111 1098 4185 5,
1120 4109 1170 4169 11.
1190 4108 1241 4185 30,
1262 4107 1292 4186 3,
1312 4106 1347 4170 7;
1374 4102 1473 4168 Gran.

338 4210 439 4276 Licin.
465 4231 541 4296 pug.
567 4214 620 4290 21,
640 4212 658 4274 8
682 4208 733 4274 ed.
760 4209 882 4280 Bonn.;
910 4208 982 4274 Gai.
1010 4212 1039 4290 3,
1062 4211 1115 4271 21.
1141 4206 1185 4272 id.
1211 4206 1277 4289 dig.
1303 4207 1362 4288 111,
1389 4211 1420 4286 5,
1439 4209 1474 4283 2;

339 4313 414 4398 Ulp.
440 4312 506 4396 dig.
525 4313 583 4392 IX,
611 4317 641 4388 1,
661 4315 701 4377 33
725 4313 742 4397 §
766 4315 797 4376 2.
823 4311 864 4390 Χ,
893 4315 922 4386 2,
942 4313 982 4374 52
1006 4311 1069 4394 §2
1096 4309 1200 4392 XVII,
1232 4313 1330 4388 1,10.
1357 4310 1393 4381 L,
1424 4314 1474 4384 16,
