3258 4928
330 407 390 470 999
762 439 806 452 -
854 401 937 486 [999]
984 435 1028 447 -

332 597 426 658 10619
450 599 515 660 τῶν
538 592 574 658 δὲ
597 589 674 679 τῆν
695 588 790 692 λινῆν
815 590 872 655 καλ
902 585 1020 675 ἐσχνην
1048 587 1106 651 καὶ
1138 580 1321 670 ἀπέριττον
1351 580 1469 670 ἐπιτη-

329 696 498 763 δευόντων
514 693 651 783 φράσιν.
678 715 763 762 vers.
783 720 796 760 9
819 699 884 758 τοῖιν
899 691 936 757 δὲ
958 687 1031 778 τὴν
1053 695 1159 776 μέσην
1175 685 1350 754 διάλεκτον
1364 680 1468 774 ῆοκη-

328 797 448 867 κότων.
504 798 649 866 Eandem
685 797 844 864 medelam
874 795 1013 862 adhibeo
1039 815 1072 880 p.
1100 795 1211 859 100899
1241 789 1303 880 τὴν
1331 787 1471 877 πρώτην

328 901 483 970 διάνοιαν
497 897 625 989 ὀλίγοις
642 900 703 990 (το
713 900 772 990 ῖς)
781 896 948 984 ὀνόμασιν
963 897 1183 985 ἐξενεχθῆναι
1198 896 1388 982 δυναμένην
1402 917 1468 978 μα-

328 1003 413 1092 κρὰν
449 1018 558 1090 ποιεῖ,
600 1006 640 1073 cf.
674 1026 706 1091 p.
732 1007 811 1070 9709
838 999 1006 1090 τοσαύτην
1035 997 1223 1088 ἐκμηκύνας
1258 1002 1470 1086 περίφρασιν

328 1103 454 1194 ὀλίγοις
476 1121 569 1185 τοῖς
593 1103 737 1190 ὀνόμασι
760 1106 949 1190 δυναμένου
971 1105 1230 1192 περιληφθῆναι
1251 1096 1464 1187 πράγματος.

331 1214 406 1278 1319
430 1211 467 1279 ἐν
489 1206 615 1297 ὀλίγοις
638 1223 725 1288 τοῖς
748 1209 867 1287 κώλοις
890 1203 931 1276 ού
953 1207 1083 1284 πολλάς
1110 1206 1245 1294 εἰσῆγον
1267 1202 1341 1283 τάς
1363 1227 1468 1288 μετα-

328 1313 445 1397 βολάς.
491 1315 638 1398 Denique
661 1315 832 1382 articulum
853 1313 905 1380 his
933 1313 1012 1380 19919
1040 1311 1139 1378 addo:
1175 1332 1207 1396 p.
1228 1313 1318 1375 49511
1352 1307 1467 1374 πάντα

330 1416 429 1507 (τά)
445 1416 669 1506 παραπλήσια
689 1414 831 1494 τούτοις.
880 1420 957 1484 6449
981 1413 1040 1482 δύο
1056 1412 1206 1500 τρόπους
1222 1421 1280 1500 τῆς
1299 1413 1471 1498 διαφορᾶς

330 1523 387 1588 καὶ
410 1521 528 1611 (τῆς)
557 1520 645 1609 πρὸς
668 1517 710 1586 τὰ
733 1515 859 1608 άρχαῖα
888 1516 1060 1607 μιμήσεως
1088 1513 1183 1604 εύροι
1210 1541 1261 1594 τις
1290 1511 1342 1583 όν.
1391 1520 1469 1582 8999

331 1620 398 1711 δρῶ
421 1626 536 1691 δὲκαὶ
560 1622 653 1713 (τὰ)
676 1627 757 1710 περὶ
779 1622 840 1712 τὴν
862 1625 953 1704 λέξιν
976 1621 1202 1706 ἐλαττώματα,
1236 1622 1316 1707 περὶ
1338 1611 1385 1687 ών
1406 1614 1470 1708 ἤδη

331 1733 532 1816 προείρηκα,
560 1730 703 1794 πλεῖστα
726 1729 785 1793 καλ
806 1733 948 1813 μέγιστα
971 1724 1109 1802 ταύταις
1135 1722 1372 1812 συμβεβηκότα
1394 1737 1471 1802 ταῖς

332 1833 447 1909 ίδέαις.
483 1837 580 1898 10109
597 1839 701 1899 ταῦτα
712 1829 728 1919 <
737 1830 806 1920 τὰ)
819 1831 1062 1913 κεκολπωμένα
1077 1830 1218 1916 σφίγξαι
1232 1829 1362 1911 μᾶλλον
1378 1826 1466 1916 ἐνῆν.

334 1941 430 2003 10759
457 1930 504 2002 Ἡ
524 1935 649 2024 μὲνδὴ
680 1934 795 2024 πρώτη
826 1942 891 2002 τῶν
914 1929 1084 2020 ἁρμονιῶν
1106 1928 1124 2021 ἡ
1147 1930 1258 2022 γενικῆ
1285 1983 1292 1996 .
1322 1985 1327 1999 .
1357 1984 1363 1997 .
1397 1957 1468 1999 τοι-

333 2038 392 2106 άδε
416 2043 466 2117 τίς
490 2038 562 2106 ἐστι
583 2039 669 2104 κατὰ
692 2038 752 2106 τόν
768 2046 974 2126 χαρακτῆρα.
1019 2032 1065 2104 Ἡ
1087 2037 1123 2104 δέ
1145 2035 1231 2120 μετά
1253 2035 1379 2122 ταύτην
1402 2031 1468 2124 (ἡ)

333 2140 491 2231 γλαφυρά
517 2193 523 2207 .
546 2193 581 2207 ..
608 2140 757 2230 τοιαύτη.
807 2148 904 2210 11189
927 2139 968 2206 τά
992 2138 1090 2229 πάθη
1121 2137 1163 2206 τά
1192 2148 1250 2229 τῆς
1274 2149 1390 2229 φωνῆς
1413 2142 1469 2206 καὶ

334 2247 375 2311 τὰ
398 2245 553 2335 σχῆματα
577 2245 672 2335 (τά>
696 2253 756 2312 τοῦ
778 2243 943 2329 σώματος.

421 2424 452 2488 p.
473 2406 594 2467 6019999
620 2395 713 2478 Ἕνδς
736 2395 769 2466 δ’
796 2399 845 2466 ἐτι
868 2397 1111 2487 μνησθησομαι
1129 2404 1257 2484 γένους,
1285 2397 1321 2478 ἐξ
1344 2389 1384 2464 οὗ
1403 2395 1471 2481 μά-

334 2505 431 2569 λιστα
460 2497 480 2591 ἡ
508 2501 658 2591 διαφορὰ
687 2511 754 2570 τῶν
785 2498 916 2589 ἀνδρῶν
945 2501 1041 2568 ἐσται
1069 2499 1278 2589 καταφανής.
1330 2495 1472 2568 ‘raon'-

335 2614 437 2673 θεται
460 2608 496 2673 δέ
523 2607 646 2691 [9991919
673 2600 705 2672 δ’
723 2609 761 2691 R]
789 2604 945 2692 ἑκάτερος
969 2603 1104 2692 ἰδιώτην
1128 2601 1234 2693 ἄνδρα
1257 2606 1315 2670 καὶ
1337 2599 1473 2691 άπράγ-

335 2735 422 2793 μονα
457 2711 512 2776 καὶ
545 2716 623 2777 νέον
652 2710 721 2776 κτλ.
776 2711 827 2775 Ex
856 2708 1005 2796 Dionysii
1039 2729 1099 2775 usu
1130 2709 1331 2776 scribendum
1364 2709 1474 2776 iudico

332 2807 559 2879 Ὑποτίθεται
595 2812 641 2901 δὴ
674 2811 831 2898 ἑκάτερος
859 2815 943 2896 κτλ,
983 2813 1024 2878 91.
1050 2834 1082 2898 p.
1110 2817 1216 2879 906999
1245 2806 1475 2896 Ἐξετάσωμεν

337 2915 376 3004 δη
401 2915 497 3002 παρὰ
512 2925 632 2984 τοῦτον
649 2915 709 2984 τὸν
725 2915 884 3002 διάλογον
909 2967 915 2980 .
934 2967 940 2980 .
959 2968 965 2980 .
985 2915 1101 3003 ἕτερον
1116 2909 1220 2982 αύτοῦ
1235 2914 1394 3002 διάλογον
1412 2967 1418 2980 .
1437 2967 1467 2980 ..

336 3013 541 3086 ’ὑποτίθεται
571 3019 610 3109 δὴ
640 3021 710 3086 κτλ.
759 3023 865 3086 592999
896 3015 1041 3107 ἄρξομαι
1064 3019 1099 3085 δέ
1123 3015 1193 3086 άπὸ
1220 3027 1288 3085 τῶν
1309 3020 1390 3105 περὶ
1412 3018 1474 3108 τὴν

338 3123 429 3203 λέξιν
451 3120 695 3211 θεωρημάτων.
735 3123 807 3189 ἐστι
830 3121 868 3210 δή
892 3146 943 3199 τις
962 3116 1089 3189 Ἰσαίου
1111 3121 1221 3208 λόγος.
1276 3126 1381 3188 945999
1403 3119 1474 3209 θῆ-

338 3249 386 3292 σω
415 3220 448 3292 δ’
475 3225 511 3307 ἐξ
541 3221 745 3314 ἀμφοτέρων
774 3225 1034 3311 παραδείγματα
1060 3277 1066 3290 .
1090 3276 1095 3288 .
1118 3277 1124 3290 .
1150 3225 1222 3292 ἐστι
1245 3225 1283 3314 δῆ
1306 3249 1357 3302 τις
1379 3218 1476 3312 αὐτῷ

338 3330 536 3419 9199999919·
578 3369 584 3378 ·

423 3506 455 3570 p.
475 3488 596 3550 6119999
612 3479 728 3550 ’Ἔσται
750 3483 787 3550 δὲ
810 3481 1043 3571 κεφαλαιώδης
1073 3507 1107 3548 τε
1139 3484 1196 3547 καί
1218 3477 1262 3560 ώς
1284 3479 1371 3569 πρὸς
1394 3475 1476 3549 άνε-

338 3585 509 3674 γνωκότας
538 3585 598 3655 τὸν
621 3584 728 3675 άνδρα
760 3582 777 3654 ό
802 3585 919 3674 λόγος·
954 3583 993 3654 ού
1017 3586 1080 3673 γὰρ
1104 3583 1259 3674 ἐνεχώρει
1286 3586 1476 3674 παραδείγ-

336 3717 427 3777 ματα
451 3691 592 3760 πάντων
613 3697 760 3758 τιθέναι.
808 3690 944 3770 Quando
966 3692 1065 3776 igitur
1086 3690 1154 3757 fieri
1177 3711 1240 3757 non
1262 3696 1403 3777 poterat,
1438 3699 1477 3757 ut

338 3797 479 3863 omnium
508 3797 658 3881 exempla
687 3801 927 3882 promerentur?
971 3797 1053 3860 Tum
1082 3793 1215 3876 99111991,
1250 3813 1320 3860 oum
1349 3793 1478 3878 Diony-

338 3903 406 3968 sius
436 3901 516 3968 19999
547 3900 718 3968 seribebat.
772 3899 870 3966 Falso
903 3899 1002 3983 igitur
1028 3898 1252 3984 imperfectum
1285 3897 1472 3964 exhibetur:

339 4005 429 4090 legas
463 3999 504 4072 ού
533 4001 596 4090 γάρ
639 4002 817 4089 ἐγχωρεῖ
849 4000 1109 4088 παραδείγματα
1151 3997 1291 4066 πάντων
1323 4004 1472 4084 τιθέναι,

338 4107 379 4173 91.
405 4130 437 4193 p.
458 4113 528 4174 5499
550 4106 810 4192 παραδείγματα
834 4101 867 4171 δ’
886 4100 1016 4193 άμφοῖν
1031 4099 1115 4170 καθ’
1133 4103 1276 4170 ἕκαστον
1297 4107 1417 4190 φέρειν
1439 4101 1479 4170 ἐν

340 4217 385 4295 τῷ
408 4212 554 4296 παρόντι
570 4203 630 4276 σύκ
646 4208 796 4296 ἐγχωρεῖ.
843 4212 949 4275 196999
972 4203 1275 4294 προχειρισάμενός
1289 4229 1324 4272 τε
1341 4204 1401 4272 ἕνα
1417 4205 1480 4272 λό-

340 4335 416 4397 γον·
464 4307 504 4379 ού
540 4312 603 4399 γάρ
641 4311 781 4400 ἐγχιορεῖ
817 4312 959 4388 πολλοῖς
996 4314 1149 4399 χρῆσθαι
1186 4310 1474 4396 παραδείγμασιν.
