3280 4934
341 359 382 424 ro
767 401 808 410 -
855 362 951 444 [ios]
999 401 1039 408 -

340 565 425 636 υμῖν,
449 545 502 619 ὅτι
521 554 584 620 slot
602 579 691 620 τινες
709 557 742 622 οἳ
759 553 948 622 κωλύσουσι
967 547 1029 619 τὸν
1048 557 1154 641 δῆμον
1171 562 1404 641 anterranum
1422 559 1477 620 καὶ

338 656 597 726 ἐναντιώσονται
624 655 706 746 iasio
729 671 788 748 τῆς
811 664 1013 747 setasque,
1037 661 1179 740 εἵλοντο,
1204 665 1299 746 πρὶν
1322 656 1392 749 τὴν
1415 662 1479 727 ἐκ·

337 768 509 854 κλησίαν
531 761 603 854 τὴν
619 772 711 854 περὶ
734 778 801 855 τῆς
819 767 975 854 εἰρήνης
997 767 1202 852 γενέσθαι,
1226 765 1368 846 τούτους
1384 778 1478 854 προ]-

337 897 399 940 τον
426 873 473 950 εἰς
496 869 651 954 διαβολὰς
673 879 730 940 καὶ
752 873 931 952 κινὸύνονς
957 884 1171 961 καταστήσω,
1199 874 1254 939 ἵνα
1276 877 1388 961 μηόιὶς
1410 875 1480 940 inst

339 973 424 1066 ὑπὲρ
447 989 509 1046 τοῦ
533 973 693 1068 ὑμετέρου
715 979 870 1070 πλήθους
897 975 1072 1066 ιῖντιλὲγοα
1119 983 1200 1047 Nam
1223 983 1250 1046 si
1279 985 1310 1046 in
1333 984 1479 1048 contione

339 1088 384 1153 illi
411 1091 474 1154 iam
498 1091 701 1166 restitissent,
728 1091 885 1174 quomodo
909 1091 1019 1172 Lysias
1041 1090 1146 1154 dicere
1168 1097 1294 1173 poterat
1317 1089 1351 1154 οἳ
1372 1085 1480 1153 κωλύ-

338 1213 433 1260 σουσι
451 1197 509 1260 καὶ
527 1193 790 1263 ἐναντιώσονται
804 1201 837 1262 et
853 1198 935 1282 πρὶν
948 1189 1019 1282 τὴν
1033 1195 1212 1283 ἐκκλησίαν
1226 1246 1250 1262 ..
1261 1243 1286 1261 ..
1303 1195 1480 1279 γενέσθαιῗ

339 1301 424 1368 Haeo
446 1301 542 1368 verba
564 1327 658 1369 unam
682 1305 781 1370 solum
800 1307 977 1369 contionem
997 1305 1037 1369 de
1059 1326 1137 1387 paee
1161 1305 1303 1370 habitam
1326 1327 1394 1370 esse
1416 1305 1481 1369 cla·

338 1409 460 1474 tissime
492 1410 614 1476 doivent
669 1411 781 1495 ltaque
811 1432 870 1476 nec
896 1411 1073 1494 Xenophon
1105 1433 1162 1475 nec
1189 1412 1299 1495 Lysias
1330 1413 1410 1477 duas
1441 1413 1481 1476 de

338 1537 415 1600 pace
442 1518 604 1584 contiones
631 1519 731 1594 novit,
762 1523 799 1582 ut
827 1517 1082 1582 Rauchenstcinii
1110 1521 1269 1583 sententia
1295 1520 1420 1602 Lysiam
1449 1525 1482 1583 et

339 1621 591 1708 Xenophontem,
622 1646 755 1709 quorum
788 1626 985 1690 narrationes
1017 1646 1074 1707 per
1106 1646 1140 1690 se
1173 1631 1307 1709 utraque
1339 1633 1482 1710 spectata

339 1729 457 1796 nullam
485 1732 645 1814 praebent,
665 1733 886 1815 suspicionem,
914 1735 961 1796 ita
987 1733 1187 1806 eouectontis,
1214 1742 1250 1794 ut
1277 1753 1347 1796 curu
1369 1739 1482 1798 neutro

338 1859 401 1902 non
424 1837 600 1914 dissentiat,
627 1841 753 1904 omnino
776 1839 984 1922 improbanda
1006 1840 1057 1902 sit.

892 2106 937 2190 II.

429 2265 530 2330 Aliter
548 2288 598 2331 res
621 2267 682 2330 sibi
706 2268 887 2332 informavit
905 2265 1150 2346 Scheibius1),
1175 2285 1267 2348 quem
1287 2266 1386 2331 secuti
1409 2271 1484 2328 sunt

339 2371 493 2437 Curtius
503 2375 539 2454 2),
553 2372 759 2450 Ronnerus,
772 2373 840 2438 alii:
860 2373 915 2455 qui
934 2393 1042 2437 omues
1057 2372 1228 2438 secuudum
1242 2372 1485 2455 Xenophontem

339 2501 446 2562 pacem
471 2481 599 2562 quidem
621 2479 673 2544 die
696 2486 768 2562 post
791 2481 928 2544 reditum
951 2480 1127 2563 legatorum
1146 2486 1307 2561 acceptam
1326 2499 1394 2543 esse
1416 2483 1484 2542 sta-
1538 2533 1545 2548 ,

340 2591 447 2650 tuunt:
466 2594 502 2651 ut
520 2593 627 2652 autem
642 2585 843 2670 Xenophonti
858 2585 969 2670 Lysias
986 2608 1049 2650 uon
1068 2586 1182 2662 obstet,
1200 2591 1324 2670 tempus
1342 2607 1404 2669 quo
1422 2607 1486 2668 pax

340 2699 469 2776 accepta
491 2695 533 2758 sit
556 2694 789 2758 accuratissimo
808 2693 1017 2757 dirimendum
1041 2714 1108 2758 esse
1131 2698 1260 2758 censent
1283 2692 1323 2757 ab
1343 2713 1380 2758 eo
1403 2699 1485 2756 tem-

339 2820 425 2882 pore,
448 2822 510 2882 quo
533 2801 619 2883 pacis
638 2800 836 2866 condiciones
854 2800 996 2884 expletae
1014 2801 1085 2864 siut.
1123 2798 1234 2881 Itaque
1252 2821 1330 2882 paee
1352 2804 1486 2881 accepta

340 2905 536 2990 Lysandrum
555 2906 696 2972 Athenas
714 2911 835 2972 vectum
854 2927 948 2972 nares
967 2927 1135 2990 murosque
1153 2905 1214 2970 sibi
1238 2907 1395 2971 curavisse
1415 2913 1484 2970 tra-

341 3013 446 3078 denda
473 3019 600 3096 putant,
627 3013 761 3078 eundem
788 3021 894 3078 tamen
917 3013 1116 3080 condiciones
1139 3033 1202 3077 nou
1225 3011 1334 3079 statim
1356 3033 1486 3076 exsecu-

341 3126 409 3184 tum
442 3142 523 3194 esso,
556 3121 610 3184 scd
643 3121 859 3202 exsequendas
892 3121 969 3204 ipsis
997 3119 1242 3184 Atheniensibus
1274 3141 1331 3202 per
1362 3119 1487 3201 lougius

341 3227 478 3310 spatium
516 3229 666 3310 temporis
703 3229 880 3311 imperasse.
936 3227 1004 3305 Quo
1036 3227 1119 3291 facto
1152 3230 1254 3309 ipsum
1286 3226 1326 3290 ad
1359 3223 1487 3289 Samum

341 3333 583 3418 oppugnandam
605 3334 781 3416 profectum
805 3355 882 3410 esse,
910 3334 1044 3398 Athenis
1068 3355 1141 3398 vero
1168 3334 1244 3397 viris
1270 3331 1488 3415 popularibus,

342 3461 412 3504 cum
432 3440 637 3524 exsequendis
660 3442 746 3525 pacis
765 3439 1001 3506 condicionibus
1019 3440 1252 3522 evertendoque
1276 3439 1407 3520 imperio
1431 3461 1487 3522 po-

341 3546 444 3630 pulari
477 3547 672 3640 resisterent,
704 3548 834 3612 insidias
866 3553 1002 3612 structas
1035 3568 1114 3620 esse3
1151 3547 1266 3630 quibus
1299 3545 1330 3608 iu
1364 3545 1489 3610 vincula

341 3653 490 3720 oorrioctis
523 3653 718 3737 Lysandrum
751 3653 790 3717 ab
823 3653 1029 3736 optimatibus
1062 3653 1108 3718 vel
1140 3675 1161 3717 a
1192 3652 1387 3716 Theramene
1421 3652 1488 3718 solo

341 3767 528 3825 revocatum.
549 3782 656 3826 rursus
680 3759 822 3825 Athenas
845 3759 966 3825 venisse
991 3759 1275 3842 Atheniensesque,
1303 3759 1386 3842 quod
1412 3781 1488 3824 oon·

342 3865 480 3932 diciones
512 3887 575 3930 non
612 3867 750 3932 exsecuti
788 3873 905 3942 essent,
941 3872 1138 3932 accusantem
1175 3887 1280 3932 muros
1316 3866 1490 3932 diruendos

343 3995 499 4056 navesque
531 3973 759 4039 comburendas
787 3973 1023 4038 concinentibus
1054 3972 1237 4038 tibicinibus
1269 3995 1391 4036 summo
1419 3993 1491 4038 cum

342 4079 458 4164 gaudio
486 4079 642 4145 sociorum
666 4101 803 4156 curasse,
831 4080 967 4162 denique
990 4080 1135 4144 contione
1159 4084 1341 4155 convocata,
1368 4085 1406 4143 ut
1429 4081 1491 4144 tri-

435 4240 452 4301 1ἰ
471 4237 588 4294 Scheibe
613 4239 657 4292 die
676 4239 872 4308 oliparchischc
895 4239 1074 4306 Umwdlauup
1092 4254 1127 4292 ιιι
1147 4237 1250 4306 Athen,
1275 4235 1392 4307 Leipzig
1412 4239 1493 4304 1841,

345 4345 371 4398 p.
391 4328 505 4394 33-57,
527 4329 673 4384 ree-los.

433 4416 454 4480 ἰ
475 4417 647 4473 Griccbiacbe
667 4417 823 4474 Gerebiebte
843 4417 888 4470 11⁴.
918 4433 944 4486 p.
964 4415 1113 4470 tto-ito.
