3262 4926
851 420 1065 479 ..50-

387 603 511 669 nemsi
543 603 576 668 iu
607 602 693 668 hunc
715 602 755 668 de
782 623 846 686 quo
869 603 997 687 agimus
1020 604 1128 670 locum
1157 603 1359 688 adhibemus,
1385 605 1520 672 absurda

385 705 422 772 fit
451 705 621 772 sententia.
668 704 752 770 Nam
780 707 929 789 positura
956 706 1166 790 discrepitant
1191 730 1259 788 ree,
1297 708 1326 774 si
1356 710 1391 776 in
1421 707 1520 775 medio

385 808 605 892 relinquimus,
625 815 729 874 utrum
752 830 817 872 res
837 809 1053 875 adverbaan
1068 809 1238 878 adversus
1254 810 1426 895 pertineat,
1445 809 1519 876 nihil

385 910 474 977 alind
496 909 659 993 significat
673 929 770 993 quam
786 929 899 976 versus
921 910 1066 996 positura
1080 913 1249 979 verborum
1264 913 1449 998 discrepare
1469 917 1519 980 aut

385 1014 486 1080 verba
515 1013 660 1099 positura
688 1014 929 1080 elementorum.
977 1015 1020 1081 At
1046 1014 1080 1081 id
1102 1021 1189 1082 certe
1217 1035 1282 1084 non
1303 1016 1423 1101 agitur,
1449 1035 1517 1082 num

386 1118 486 1186 verba
507 1117 560 1182 vel
581 1117 709 1184 litterae
731 1115 764 1181 iu
787 1117 893 1201 eapite
915 1117 968 1182 vel
991 1137 1012 1182 a
1033 1123 1124 1202 tergo
1146 1119 1253 1204 posita
1274 1119 1349 1186 sint.

472 1219 573 1286 Video
596 1218 690 1284 nimis
712 1219 841 1302 longam
864 1218 1116 1304 disputationem
1138 1240 1190 1288 me
1211 1221 1320 1288 lacere
1344 1219 1388 1288 de
1416 1221 1513 1305 nugis

385 1340 554 1404 quaeque
576 1319 781 1386 absurdiorcs
805 1328 894 1402 sunt,
921 1341 959 1388 eo
982 1321 1180 1390 difficiliores
1203 1324 1362 1403 refutatu3
1403 1323 1461 1390 sed
1480 1342 1515 1388 ne

385 1441 501 1490 munus
524 1423 714 1490 recensendi
736 1424 839 1490 levius
862 1431 1017 1492 tractasse
1033 1425 1155 1508 videar,
1181 1427 1277 1492 etiam
1293 1427 1415 1494 exitum
1429 1425 1515 1492 huius

386 1526 448 1592 loci
472 1528 733 1611 contemplemur.
774 1525 844 1604 Quo
867 1526 947 1593 nihil
970 1535 1076 1613 potest
1096 1527 1231 1597 inveniri
1249 1529 1393 1597 stultius.
1440 1530 1513 1596 Nam

385 1649 459 1694 cum
481 1629 603 1697 dictum
624 1629 668 1695 sit
696 1629 746 1714 (II,
777 1632 859 1694 1020
875 1633 958 1714 sqq.)

1004 1732 1154 1798 racemi

539 1855 708 1900 concursus
729 1843 831 1899 motus
852 1835 929 1899 ordo
946 1835 1094 1919 positura
1103 1836 1236 1920 flparae

539 1957 609 2001 cum
625 1943 860 2021 permutantur,
885 1938 1076 2005 maturares
1098 1959 1220 2024 quoque
1242 1939 1363 2022 debeat,

383 2039 460 2124 quid
483 2039 570 2107 aliud
592 2039 668 2106 iude
691 2039 851 2123 colligitur
872 2061 968 2123 quam
997 2041 1118 2124 figuras
1141 2040 1369 2127 principiorum
1393 2061 1512 2128 permu-

383 2143 445 2210 tari
468 2149 585 2228 posset
621 2143 714 2222 Quod
735 2150 932 2228 quantopere
953 2164 975 2209 a
996 2143 1137 2210 Lucretii
1165 2143 1207 2212 de
1237 2144 1354 2212 atomis
1376 2146 1512 2212 doctrine
1588 2185 1589 2212 l

383 2247 545 2316 diversum
568 2245 618 2326 sit,
646 2245 841 2328 quicumque
856 2245 955 2312 libros
977 2245 1114 2331 primum
1130 2253 1162 2313 et
1177 2247 1351 2314 secandum
1367 2246 1509 2332 tetigerit,

383 2349 565 2435 perspiciet.

469 2451 577 2530 Quare
600 2459 720 2518 certum
744 2458 794 2518 est
823 2450 882 2518 hos
904 2470 1017 2518 versus
1040 2472 1061 2518 a
1082 2452 1231 2520 Lucretio
1253 2473 1317 2519 non
1339 2471 1415 2520 esse
1435 2472 1512 2518 com·
1587 2483 1588 2498 ¹

383 2554 522 2639 positos;
548 2574 653 2638 neque
668 2574 745 2620 vero
761 2553 807 2620 sic
822 2552 952 2621 defendi
967 2561 1112 2638 possunt,
1132 2561 1166 2618 ut
1184 2555 1368 2622 Lucretium
1385 2574 1442 2622 eos
1455 2553 1512 2618 elio

382 2659 453 2723 loco
474 2677 593 2742 ponere
613 2657 648 2722 in
670 2656 777 2722 animo
796 2655 949 2722 habuisse
971 2662 1131 2740 putemus,
1157 2655 1242 2738 quod
1257 2656 1402 2722 lecerunt
1416 2654 1512 2722 Lach-

382 2780 519 2826 mannus
548 2767 580 2826 et
602 2759 799 2844 Bemaysius
827 2758 901 2825 aliis
924 2758 1182 2842 quidemcarnis
1206 2759 1292 2824 moti.
1340 2758 1434 2824 Nunc
1456 2757 1511 2822 iam

382 2884 455 2930 eam
477 2863 697 2946 quaestionem
720 2863 889 2928 absolvere
910 2881 1091 2946 possumus,
1117 2881 1200 2944 quae
1222 2860 1264 2926 de
1285 2859 1512 2945 interpolatoris

381 2965 477 3033 etde
500 2965 627 3032 lectoris
651 2964 834 3050 philosophi
862 2985 926 3031 una
948 2965 980 3030 in
1012 2964 1071 3030 hoo
1100 2964 1171 3030 loco
1194 2963 1403 3048 agnoscenda
1424 2981 1512 3047 opera

381 3075 469 3134 mota
490 3077 550 3136 est.
582 3069 688 3152 Atque
711 3087 837 3134 versum
864 3072 946 3135 1020
968 3069 1023 3150 (ε
1040 3071 1112 3147 720)
1138 3085 1202 3134 non
1217 3066 1259 3133 ab
1274 3086 1323 3148 co,
1349 3066 1406 3149 qui
1421 3072 1512 3133 totum
1585 3121 1586 3128 ,

380 3172 465 3238 huno
484 3173 588 3239 locum
605 3171 805 3257 conscripsit,
824 3171 979 3237 insertum
996 3189 1069 3236 esse
1084 3177 1120 3235 ut
1134 3177 1299 3254 appareat,
1319 3167 1512 3253 argumentis

380 3296 445 3343 non
468 3283 518 3344 cst
539 3295 632 3360 opus.
672 3275 720 3340 Ac
740 3295 782 3341 ne
795 3273 1012 3358 interpolandi
1027 3273 1155 3356 quidem
1170 3292 1273 3340 eausa
1288 3271 1434 3339 adiectus
1450 3279 1508 3336 est:

381 3377 510 3462 quodsi
526 3384 623 3457 esset,
640 3395 718 3442 sane
731 3376 885 3442 facillima
896 3395 995 3460 opera
1006 3375 1075 3440 cius
1086 3376 1119 3440 in
1132 3375 1211 3456 uiae,
1225 3376 1345 3458 ptapes
1356 3375 1390 3440 in
1401 3375 1513 3458 ptepcc

380 3488 504 3546 mutata
526 3487 645 3546 essent.
684 3480 799 3561 Itaque
814 3478 925 3544 lectori
942 3478 1039 3544 alicui
1055 3498 1128 3544 cum
1143 3477 1329 3560 tribuemus,
1355 3477 1421 3559 qui,
1447 3495 1511 3542 cum

380 3603 507 3649 versum
533 3586 594 3647 726
624 3581 778 3648 memoria
800 3587 940 3660 teneret,
973 3601 1036 3664 quo
1058 3580 1121 3665 ipsi
1144 3579 1267 3646 similes
1289 3599 1341 3646 res
1364 3575 1511 3646 contineri

379 3686 565 3752 viderentur
586 3691 683 3766 atque
705 3683 739 3749 in
764 3687 857 3764 1021,
884 3703 955 3750 snm
977 3683 1012 3749 in
1034 3683 1118 3749 hunc
1133 3683 1237 3749 locum
1252 3679 1510 3773 mansueripserit.

380 3789 473 3856 Unde
503 3808 575 3854 cum
603 3787 638 3881 10
664 3786 769 3871 ipsum
800 3793 954 3871 appareat
984 3788 1134 3853 lectorem
1171 3786 1263 3850 illum
1292 3783 1512 3870 philosophum

379 3891 557 3977 posteriore
579 3895 723 3974 tempore
745 3889 866 3954 vixisse
888 3909 984 3972 quam
1005 3888 1281 3972 interpolatorem,
1314 3885 1350 3952 id
1380 3907 1418 3953 eo
1441 3905 1512 3952 eon·

379 3993 533 4076 firmatur,
561 3990 647 4074 quod
670 3990 723 4057 hio
745 4009 858 4057 versus
887 3993 989 4072 (1020)

585 4095 755 4158 interculta
779 4093 846 4158 aiae
868 4115 1002 4157 conexus
1020 4093 1165 4176 pondera
1182 4091 1301 4174 placas

381 4220 583 4233 ..-

551 4265 588 4332 11,
603 4267 667 4319 947:
688 4265 866 4318 dissoluuntur
883 4267 952 4318 enim
966 4264 1107 4332 positurae
1121 4261 1330 4332 prirecipa'cmrn.

296 4427 300 4434 1
375 4351 505 4411 conseras
523 4353 573 4416 lv,
595 4353 653 4404 667.
675 4351 734 4402 013.
