3304 4928
333 425 376 491 οε
751 461 791 469 -
840 422 935 506 [242]
982 459 1023 468 -

580 619 615 686 S:
1180 613 1251 680 Vc:

336 728 371 794 δὲ
390 721 684 810 φιλοστέφανός
703 741 739 791 σε
757 720 865 811 φιλή-
948 719 1143 807 στέφανός
1161 741 1196 788 σε
1211 717 1373 809 νικήσει.
1393 719 1485 804 λέγει

336 851 389 919 οη.
400 835 427 922 ¹)
475 834 562 918 λέγει
599 834 635 900 δὲ
672 823 776 898 αὐτὸν
813 855 866 896 το-
948 831 984 896 δὲ
1008 823 1112 896 αὐτὸν
1131 837 1279 897 τοσαῦτα
1296 823 1486 914 νικήσαντα

337 949 441 1008 σαῦτα
484 937 668 1028 νικήσαντα
708 937 867 1026 μηδέπω
947 938 1143 1025 μηδέποτε
1166 942 1371 1025 τετιμῆσθαι.

335 1054 540 1136 τετιμῆσθαι.
905 1044 908 1151 l

305 1248 307 1254 ¹
425 1174 494 1253 Quo
520 1173 553 1238 in
577 1171 698 1239 Cratini
724 1173 855 1259 ποιεῖτ’)
879 1169 1061 1238 Dindorfius
1086 1166 1209 1257 φιλὴση
1231 1191 1271 1236 ex
1293 1167 1391 1236 Suida
1412 1189 1487 1234 cor-

337 1283 427 1358 rexit,
449 1277 670 1368 μηδεπαίποτε
694 1288 799 1346 autem
823 1279 956 1345 fortasse
979 1279 1179 1345 scribendam
1202 1299 1269 1343 esse
1287 1299 1326 1342 ex
1343 1274 1486 1362 μηδέπω

338 1389 453 1454 Suidae
478 1395 509 1454 ot
531 1387 697 1475 μηδέποτε
723 1386 800 1452 ίΓίθῑ
819 1387 983 1471 scripturis
1001 1386 1187 1451 Duebnerus
1206 1385 1347 1450 coniecit.

427 1495 477 1560 Ad
509 1519 535 1561 v.
565 1497 628 1562 826
662 1519 700 1562 ex
732 1495 848 1561 Suidae
880 1518 904 1560 s.
931 1495 971 1578 gl.
1005 1495 1232 1558 Μυστιλλᾶται
1264 1481 1487 1558 adnotatione:

338 1593 440 1680 ’ίὸίαις
469 1602 503 1666 δὲ
531 1605 671 1689 μυστίλη
703 1603 830 1688 λέγεται
859 1594 878 1667 ὁ
907 1595 1007 1689 ἄρτος
1035 1592 1053 1666 ὃ
1083 1613 1152 1678 τοῖς
1176 1601 1252 1666 κυσὶ
1278 1595 1487 1683 βαλλόμενος

339 1711 481 1776 codicum
500 1709 558 1774 Va
575 1712 756 1793 μυστίλλον
774 1733 794 1775 a
812 1709 980 1774 Duebnero
999 1709 1033 1773 in
1050 1710 1212 1794 μυστίλην
1231 1713 1407 1772 correctum
1426 1713 1486 1772 est.

429 1817 479 1881 Ad
501 1840 528 1882 v.
549 1818 611 1882 857
636 1839 694 1901 pro
717 1818 860 1883 codicum
885 1816 1072 1882 venereis
1097 1807 1138 1882 δι’
1162 1805 1213 1880 ὦν
1237 1814 1431 1895 εἰσέβαλλον
1452 1811 1487 1879 σί

340 1923 493 2008 πολέμιοι
513 1923 626 1990 Saidas
651 1926 754 1990 nescio
778 1946 818 1988 au
842 1925 958 1990 rectius
982 1923 1202 1990 subministret
1226 1914 1267 1988 δι’
1287 1911 1337 1986 ὦν
1356 1917 1486 2003 εἰσβάλ-

341 2036 458 2096 λουσιν
482 2030 528 2108 εἰς
550 2022 612 2118 τὴν
635 2031 807 2115 πολεμίαν.

430 2139 509 2204 ltem
538 2161 560 2204 s.
584 2139 624 2221 gl.
656 2135 799 2216 Φαεινός
826 2140 866 2204 ad
894 2162 921 2204 r.
947 2138 1033 2204 1256
1062 2137 1179 2204 Suidae
1206 2135 1305 2203 uerba
1333 2128 1487 2222 φανερὰ

341 2253 470 2311 ποιῶν
489 2237 530 2310 τὰ
552 2242 729 2331 πράγματα
752 2253 784 2311 et
807 2237 827 2333 ἢ
851 2237 1093 2328 ἀποφαίνειν
1118 2235 1138 2312 ὅ
1161 2243 1231 2311 ἐστι
1256 2259 1487 2328 συκοφαντεῖν

341 2353 548 2437 praeferenda
574 2354 722 2419 uidentur
751 2353 892 2419 codicum
918 2350 976 2417 Vc
999 2355 1174 2436 scripturae
1199 2358 1487 2438 puvepoacraiv

341 2451 383 2525 τὰ
410 2455 586 2546 πράγματα
613 2465 645 2526 et
667 2452 688 2547 ἢ
712 2452 790 2526 ἀπὸ
814 2467 885 2526 τοῦ
908 2461 1083 2542 φαίνειν,
1112 2449 1133 2525 ὅ
1156 2457 1225 2526 ἐστι
1248 2471 1486 2541 συκοφαντεῖν.

362 2641 363 2646 1
429 2568 479 2631 Ad
511 2589 538 2632 r.
574 2567 657 2632 1293
691 2563 845 2654 σιτοβύης
876 2565 1057 2633 Dindorfius
1089 2567 1226 2632 correxit
1259 2587 1296 2632 ex
1329 2561 1486 2653 σιτούνης

343 2679 472 2739 auctore
494 2672 593 2738 Suida
615 2695 638 2740 s.
662 2673 702 2758 gl
725 2669 847 2761 Σιπύη.

867 2963 887 3042 ξ
912 2961 963 3026 30.

432 3117 558 3196 Restat,
584 3124 621 3184 ut
649 3139 702 3185 eos
729 3118 887 3203 proferam
915 3119 1031 3202 Suidae
1058 3120 1153 3197 locos,
1182 3120 1296 3203 quibus
1323 3141 1406 3186 noua
1433 3121 1488 3186 uel

344 3226 485 3290 auctiora
508 3226 628 3291 scholia
649 3227 862 3304 inueniuntur,
884 3249 964 3311 quae
987 3250 1051 3293 non
1072 3228 1157 3311 ipsas
1175 3227 1296 3311 glossas
1316 3247 1488 3312 earumque

345 3333 568 3415 explicationes
591 3333 847 3417 complectantur,
870 3335 925 3400 sed
948 3342 1005 3400 aut
1027 3334 1068 3400 ad
1086 3334 1187 3419 ipsam
1205 3333 1392 3401 histrionum
1411 3335 1489 3400 cho·

345 3439 434 3521 rique
465 3441 619 3504 actionem
651 3443 831 3524 pertineant
862 3449 919 3508 aut
950 3441 983 3506 iu
1016 3441 1210 3526 explicandis
1241 3441 1489 3526 antiquitatibus

346 3545 460 3611 Atticis
483 3553 539 3611 aut
561 3547 593 3610 in
616 3547 711 3613 rebus
734 3548 946 3632 biographiois
969 3555 1026 3614 aut
1047 3548 1202 3614 similibus
1224 3555 1399 3616 uersentur.

435 3651 548 3736 Itaque
566 3655 737 3720 auctiorem
757 3655 868 3721 scholii
887 3655 1019 3722 formam
1039 3655 1257 3721 subministrat
1271 3653 1384 3721 Suidas
1402 3677 1425 3721 s.
1445 3657 1488 3740 gl.

345 3761 521 3846 Σιβυλλιᾷ;
550 3761 698 3826 exhibitis
726 3763 810 3826 enim
833 3763 877 3828 eis
904 3762 1026 3846 glossae
1050 3763 1322 3848 explicationibus,
1349 3784 1430 3848 qaae
1455 3773 1488 3828 et

345 3866 431 3950 ipsae
458 3866 491 3930 iu
519 3867 677 3933 codicibus
701 3867 940 3952 Aristophaneis
968 3878 1159 3954 comparent,
1186 3878 1257 3954 post
1284 3893 1409 3936 uersum
1437 3869 1487 3956 ip

345 3995 414 4038 sum
441 3974 481 4038 (il
511 3973 589 4040 haec
616 3975 719 4040 addit:
751 3967 916 4063 ἢοῧταις·
943 3980 1138 4064 χρησμῳδεῖ,
1167 3980 1279 4066 φησὶν,
1306 3975 1487 4064 ἐπειδήπερ

348 4072 409 4167 τὴν
432 4084 644 4167 προθεσμίαν
667 4090 724 4169 τῆς
747 4081 940 4169 ἐπαγγελίας
963 4075 1026 4150 οὐκ
1054 4081 1233 4170 ἐψεύσατο,
1260 4075 1332 4150 ἀλλ’
1354 4081 1392 4150 ἓν
1415 4097 1489 4164 ταῖς

347 4187 473 4253 εἴκοσιν
496 4179 644 4274 ἡμέραις,
673 4177 711 4266 ἃς
739 4187 967 4277 ἐπηγγείλατο,
999 4183 1078 4270 τοὺς
1106 4193 1389 4276 Λακεδαιμονίους
1418 4191 1488 4278 αίχ-

419 4393 438 4454 ¹)
457 4384 569 4459 φιλήσει
589 4391 645 4447 VB.

417 4479 437 4542 ll
457 4478 491 4534 cf.
511 4480 642 4536 Meineke
661 4480 756 4551 fragm.
778 4482 877 4539 Comie.
897 4485 910 4538 l
929 4501 973 4554 pg.
993 4485 1053 4540 222.
