3268 4920
506 389 509 397 ·
614 419 658 433 -
705 381 790 468 [ua]
837 419 880 432 -
1255 385 1314 452 113

178 573 232 639 ubi
255 573 396 658 loquitur
418 572 607 642 cornificius
629 575 669 642 do
693 574 797 660 priore
818 575 877 640 illa
895 573 1068 642 divisione:
1101 597 1139 639 ea
1162 574 1316 640 dividitur

177 676 211 738 in
234 677 313 742 duan
329 679 456 762 partio.-
490 678 752 744 enumerationem
774 687 805 742 et
826 678 1059 763 expositionem.
1084 679 1317 744 enumeratione

177 789 313 859 utemur,
337 804 407 846 oum
430 783 566 847 duonum
588 805 716 847 numero
733 780 832 869 (reo),
858 789 933 866 quot
955 783 1106 846 derebus
1129 780 1248 846 el'wturi
1260 805 1315 846 ou-
1404 803 1415 846 ·.
1437 815 1439 818 ·

177 904 267 960 mum·
288 923 332 932 -
354 885 506 968 expositio
529 893 585 964 aot,
617 908 686 950 eum
707 907 769 962 reo,
802 884 911 970 qiu'bue
939 885 1091 949 derebus
1121 883 1239 948 dicturi
1258 908 1313 949 ou·
1409 923 1410 928 κ

177 1009 254 1062 mm,
282 988 475 1072 exponimus,
507 987 540 1053 h.
566 1009 595 1054 a.
621 987 758 1073 primum
781 995 857 1072 quot
879 987 919 1055 do
941 988 1037 1054 rebus
1059 986 1174 1054 dioturi
1197 987 1308 1069 simus,

177 1087 295 1156 deinde
316 1111 399 1175 quae
424 1091 489 1158 sint
509 1111 568 1156 eae
590 1111 643 1157 ros
666 1111 876 1176 exponemus.
923 1090 1113 1177 Exemplum
1129 1089 1202 1156 vide
1225 1093 1312 1177 apud

178 1192 245 1259 Cia.
271 1195 365 1260 Ruso.
391 1195 463 1260 Am.
492 1198 541 1278 13,
565 1197 604 1260 ³5
636 1203 700 1259 troo
727 1203 802 1259 eunt
829 1216 880 1258 ree
901 1203 960 1260 oto.
991 1194 1215 1278 (enumeratio),
1248 1196 1312 1258 eri·

152 1313 247 1360 ‘mm
268 1334 311 1344 —
334 1297 469 1362 medaoia
490 1335 533 1344 -
549 1297 695 1381 potentia
718 1297 903 1382 (expositio).
952 1295 1162 1364 Scribendum
1179 1305 1230 1364 ost
1250 1298 1314 1382 igi-

177 1405 243 1465 tur:
271 1423 334 1484 per
354 1401 616 1466 enumerationem
637 1424 675 1465 ae
691 1423 754 1484 per
775 1400 1015 1484 expositionem
1046 1420 1120 1466 num
1143 1409 1199 1466 aut
1220 1408 1253 1466 ot
1274 1424 1312 1464 ae

176 1500 210 1568 in
232 1502 395 1570 codicibus
426 1523 525 1590 saepe
546 1503 699 1570 confundi
728 1522 827 1590 supro
848 1503 987 1570 vidimus
1014 1502 1057 1570 ad
1079 1503 1175 1570 aorn.
1192 1504 1235 1586 114
1258 1507 1308 1586 16,

177 1607 229 1670 2³.
277 1607 427 1674 ceterum
449 1607 504 1689 IV,
523 1612 577 1691 40,
597 1611 638 1671 52
667 1606 777 1672 tinnio
806 1606 891 1674 idom
921 1605 1081 1690 signifieat
1102 1606 1187 1690 quod
1208 1607 1235 1689 Ι,
1257 1611 1307 1689 10,

180 1711 216 1772 17
240 1709 419 1774 distributio
442 1731 526 1794 quue
548 1731 626 1796 pars
648 1717 698 1778 est
719 1710 891 1778 dioieianio.
1274 1747 1278 1754 ·

262 1814 358 1880 Corn.
383 1815 438 1896 lv,
462 1818 515 1898 47,
536 1819 577 1880 60
606 1838 676 1880 eum
705 1837 852 1900 nunquam
879 1815 999 1901 populo
1032 1813 1231 1880 commoverit
1263 1813 1312 1879 taio

175 1916 268 1979 retmo
290 1917 564 2002 exspectationum
591 1919 645 1985 ubi
661 1920 728 1985 tere
743 1919 905 1982 commorit
919 1919 960 1983 iio
978 1919 1069 1983 rehuo
1090 1939 1120 2003 p,
1141 1940 1210 1983 eum
1224 1919 1313 1983 noii-

177 2019 246 2082 tiasso
261 2023 354 2086 rebus
376 2020 408 2102 h,
434 2021 567 2085 canitiae
589 2022 681 2085 rebus
703 2044 742 2084 π.
781 2020 992 2087 Restituenda
1014 2027 1064 2086 est
1082 2019 1176 2086 lectio
1191 2020 1312 2088 codicis
1335 2075 1337 2082 ,

136 2161 138 2166 ,
169 2145 196 2206 p
218 2121 283 2188 iam
299 2124 341 2188 ub
356 2122 475 2190 Orouio
497 2124 632 2209 probata
653 2128 777 2190 mutata
800 2141 864 2188 unu
885 2122 1011 2191 littera:
1036 2123 1191 2188 conmorit
1205 2124 1244 2188 iio
1258 2147 1309 2188 re-

175 2227 242 2290 bus.
289 2225 486 2292 Testimonio
509 2233 559 2292 ost
580 2225 651 2293 aad.
676 2224 708 2306 t,
735 2225 826 2292 ouius
849 2226 944 2293 leutio
965 2249 1035 2292 eum
1056 2227 1141 2290 nont
1162 2227 1238 2292 iudo
1260 2227 1310 2293 vi-

174 2327 267 2394 detur
289 2349 361 2395 esse
383 2336 469 2412 ortu,
506 2329 591 2412 quod
614 2330 735 2416 primus
757 2330 884 2397 litterae
906 2353 938 2395 m
967 2336 1088 2396 tractus
1118 2330 1202 2396 falso
1231 2350 1309 2396 eon-

174 2431 300 2498 iunutus
324 2440 467 2499 osteum
497 2433 711 2519 praecedente
732 2456 771 2515 n3
804 2433 880 2500 item
909 2435 949 2498 iii
977 2435 1073 2519 paula
1102 2433 1235 2518 propius
1265 2433 1308 2498 ad

173 2533 318 2600 codicum
341 2535 494 2603 lectiones
517 2537 642 2604 aceedit
663 2558 758 2622 quam
781 2537 840 2602 liii.
