3258 4928
321 401 385 462 sos
758 435 801 446 -
847 400 933 484 [suo]
981 435 1025 448 -

322 605 386 671 quo
408 585 489 654 liaeo
509 585 685 652 fluxorunt:
722 591 757 650 τέ
778 577 840 652 οὖν
869 575 1073 673 ἦνάτοπον.
1107 586 1138 651 εἰ
1165 587 1224 650 καὶ
1244 589 1463 673 Δημοσθένει

323 691 466 778 ιγροντλς
487 686 659 776 εὐφωνίας
681 713 717 756 τε
739 691 797 755 καὶ
819 683 993 772 εὐμελείας
1016 687 1163 774 iritum:

409 849 441 914 p.
467 831 608 892 iiiiuuss
644 819 714 894 Οόκ
743 821 870 912 άλσγσν
903 815 943 914 ἦν
975 827 1031 892 καὶ
1066 834 1197 894 ταῦτα
1229 827 1298 892 καὶ
1332 823 1462 890 τᾶλλο

323 927 463 997 πάντα
486 927 544 995 διά
565 930 694 1018 πολλῆς
710 928 931 1014 ἐπιμελείας.
953 979 960 993 .
981 981 988 994 .
1007 929 1113 1013 ἔχειν·
1148 927 1265 1017 ἐπειδὴ
1289 923 1322 995 δ’
1340 921 1358 1018 ἡ
1381 925 1463 1014 χρό-

322 1058 396 1112 νιος
415 1029 554 1122 άσκησις
577 1032 648 1113 ἕξιν
662 1028 754 1118 αὐτῷ
770 1032 946 1122 ἐνεποίησε
966 1031 1121 1122 πολλὴν.
1143 1084 1150 1098 .
1171 1083 1199 1116 .,
1226 1027 1298 1100 τότ’
1316 1027 1387 1099 άπὸ
1403 1040 1464 1098 τοῦ

323 1136 451 1225 ῥᾴστου
473 1161 508 1204 τε
530 1137 588 1202 καὶ
610 1144 668 1225 τῆς
691 1135 793 1218 ἕξεως
815 1133 899 1204 αάτό
915 1151 1040 1203 ποιεῖν.
1080 1138 1187 1224 Iaegus
1210 1131 1313 1204 αὐτὰ
1335 1149 1459 1215 ποιεῖν,

323 1242 366 1308 oi.
391 1241 432 1308 de
454 1261 484 1308 o.
509 1262 542 1306 v.
566 1262 600 1327 p.
618 1243 707 1306 2102.

408 1397 442 1462 p.
464 1381 604 1444 iiiitsss
629 1376 680 1443 Τά
703 1376 940 1466 συμβεβηκότα
959 1375 1092 1454 τούτοις
1110 1381 1167 1458 (so.
1185 1389 1257 1456 τοῖς
1279 1371 1462 1459 ὀνόμασι

323 1483 381 1548 καὶ
395 1478 523 1568 ῥήμασι
537 1482 595 1546 καλ
610 1481 820 1564 συνδέσμοις)
836 1477 1003 1559 συστολάς
1015 1479 1168 1560 ἐκτάσεις
1178 1476 1342 1568 όξάτητσς
1356 1479 1464 1564 βαρά-

324 1608 426 1673 τητας
447 1589 524 1672 γένη
541 1583 687 1662 πτώσεις
710 1579 881 1670 ἀριθμοὺς
896 1583 1060 1670 ἐγκλίσεις
1075 1584 1118 1650 τά
1135 1582 1222 1650 άλλα
1237 1582 1464 1672 παραπλήσια

323 1685 457 1764 τούτοις
489 1691 593 1770 μυρία
627 1681 792 1770 όνόματα.
842 1681 1014 1770 Ὀνόματα
1045 1689 1135 1756 nulio
1170 1687 1266 1755 modo
1298 1681 1466 1770 ὀνόμασιν

323 1791 491 1874 obtingere
513 1789 577 1856 dioi
598 1797 749 1876 possunt,
779 1811 880 1875 quaro
900 1791 996 1858 tollas
1019 1792 1164 1878 ineptum
1185 1789 1459 1863 additamentum:

323 1893 366 1962 σί.
391 1891 432 1960 do
446 1913 475 1960 α.
493 1913 525 1958 v.
549 1913 582 1978 p.
598 1895 676 1959 2110
699 1890 741 1958 τά
763 1891 1000 1981 συμβεβηκότα
1020 1887 1139 1972 αὐταῖς
1158 1904 1215 1976 (so.
1229 1905 1303 1970 ταῖς
1318 1893 1457 1973 λέξεσιν]

324 1993 476 2074 ἐκτάσεις
498 2019 534 2062 τε
556 1997 643 2081 λέγω
665 1997 723 2062 καλ
745 1994 911 2074 συστολάς
933 1999 991 2062 καὶ
1006 1997 1204 2083 προσῳδίας
1219 1997 1276 2062 καλ
1290 1993 1334 2062 τά
1348 2018 1464 2081 παρα-

325 2099 454 2187 πλήσια
478 2097 621 2177 τούτοις.

410 2243 443 2307 p.
459 2225 599 2288 iiiiisss
612 2213 720 2286 Ὅταν
731 2219 767 2285 δὲ
780 2217 841 2307 τὴν
852 2216 982 2286 τούτων
993 2214 1157 2287 άπάντων
1168 2216 1358 2308 ἐπιστήμην
1365 2242 1465 2304 περι-

323 2323 491 2408 λάβωμεν,
517 2317 589 2389 τότ’
608 2317 789 2408 ἀρχόμεθα
811 2321 958 2411 γράφειν
975 2325 1084 2390 τεκαὶ
1100 2317 1351 2407 ἀναγινώσκειν,
1377 2319 1466 2388 κατά

325 2425 496 2510 συλλαβάς
505 2430 525 2509 ¹)
551 2427 615 2510 μὲν
637 2427 695 2491 καλ
715 2426 870 2514 βραδέως
897 2423 935 2492 τό
964 2434 1101 2513 πρῶτον
1125 2477 1132 2492 .
1153 2475 1161 2490 .
1182 2477 1189 2492 .
1214 2431 1465 2512 προβαίνοντος

325 2531 362 2597 δὲ
384 2536 445 2596 τοῦ
458 2527 585 2616 χρόνου
606 2529 664 2594 καλ
685 2527 759 2596 τόν
778 2537 880 2598 νοῦν
901 2528 1042 2616 ἰσχυρόν
1063 2536 1101 2616 τῇ
1119 2536 1210 2615 ψυχῇ
1225 2533 1465 2616 περιτιθέντος

325 2631 362 2701 λκ
384 2640 443 2722 τῆς
464 2639 625 2726 συνεχοῦς
646 2633 797 2720 μελέτης,
824 2627 898 2699 τότ’
916 2627 1114 2710 άπταίστως
1136 2657 1171 2698 τε
1194 2633 1252 2698 καλ
1273 2631 1361 2698 κατά
1378 2633 1466 2696 πσλ-

326 2735 388 2824 λὴν
409 2731 590 2804 εὐπέτειαν
610 2737 655 2802 M.
701 2735 797 2816 Quod
817 2737 852 2802 in
874 2735 1070 2804 editionibus
1096 2757 1154 2822 pro
1175 2737 1284 2803 vorbis
1308 2735 1467 2820 oonuptis

326 2837 387 2905 τὸν
407 2847 491 2906 νοῦν
517 2839 636 2924 legitur
663 2836 780 2921 τόνον,
815 2839 940 2906 Roiskii
969 2847 1020 2906 ost
1047 2839 1241 2906 oouiootusa.
1289 2838 1466 2924 Dionysius

325 2949 414 3009 certo
428 2939 518 3008 dedit
540 2946 790 3028 προβαίνοντος
811 2941 848 3007 δὲ
864 2949 925 3008 τοῦ
938 2939 1064 3029 χρόνου
1078 2943 1137 3008 καλ
1159 2941 1322 3020 τόπους
1344 2941 1467 3024 ίσχυ-

328 3041 427 3131 ροὺς
449 3051 489 3132 τῇ
513 3053 605 3132 ψυχῇ
627 3049 883 3130 περιτιθέντος
914 3046 957 3113 of.
983 3045 1024 3112 δα
1045 3067 1074 3112 o.
1099 3067 1132 3110 v.
1156 3066 1190 3131 p.
1209 3049 1301 3112 tito
1324 3041 1468 3111 ἐπειδάν

327 3148 364 3214 δὲ
386 3141 405 3214 ό
428 3145 550 3233 χρόνος
573 3142 750 3233 άξιόλογσς
764 3144 972 3234 προσελθὼν
992 3145 1155 3224 τόπους
1177 3146 1382 3235 ἰσχυροὺς
1403 3142 1467 3214 αό-

326 3257 393 3318 τιῖιν
415 3248 452 3317 ἐν
473 3261 548 3328 ταῖς
571 3262 698 3336 ψυχαῖς
713 3243 806 3338 ἡμῶν
820 3249 956 3338 ποιήσῃ,
983 3245 1056 3316 τότ’
1074 3245 1145 3316 tab
1161 3257 1222 3318 τσῦ
1237 3249 1364 3337 ῥᾴστου
1379 3250 1467 3336 δρῶ-

325 3379 390 3438 μεν
411 3348 509 3421 αότά.
558 3359 668 3419 1114ιι
692 3347 711 3442 ἡ
734 3351 871 3438 χρόνιος
900 3349 1040 3442 ἄσκησις
1070 3352 1141 3434 ἕξιν
1168 3348 1260 3440 αὐτῷ
1288 3351 1466 3442 λνεποίησε

327 3455 459 3544 πολλὴν
480 3457 538 3521 καὶ
566 3453 729 3533 τόπους
759 3453 963 3544 ἰσχυροὺς
993 3453 1211 3542 ἐνειργάσατο
1241 3463 1308 3522 τῶν
1329 3451 1383 3522 tut
1403 3479 1466 3540 με·

326 3561 534 3643 λετωμίνων,
560 3559 603 3625 σί.
628 3578 661 3644 p.
680 3561 769 3626 2100.

413 3681 584 3766 ρ.1118ιιε
602 3675 645 3744 Ὃ
668 3675 707 3766 δὴ
732 3675 796 3765 ἐγὼ
810 3679 920 3766 σαφὲς
936 3677 994 3745 ἐπὶ
1010 3687 1076 3744 τῶν
1091 3675 1302 3765 πραγμάτων
1316 3675 1463 3766 ποιήσω.

327 3783 512 3867 Sequuntur
533 3783 693 3868 exempla.
741 3783 891 3868 Dionysii
913 3783 947 3848 ui
970 3783 1065 3848 folior
1086 3801 1201 3848 monus
1223 3789 1274 3848 ost
1296 3778 1314 3846 t
1338 3781 1378 3869 δη
1402 3778 1469 3866 ἐγὼ

328 3886 437 3973 σαφὲς
453 3883 511 3951 tat
526 3891 593 3951 τῶν
614 3883 972 3972 παραδειγμάτων
994 3884 1138 3973 ποιήσω.
1179 3883 1228 3952 Oi.
1248 3905 1281 3970 p.
1297 3887 1350 3950 861
1368 3883 1463 3950 ἔσται

326 3988 363 4056 δὲ
386 3995 486 4055 τοῦτο
510 3985 662 4076 φανερὸν
677 3986 734 4054 tat
751 3995 817 4055 τῶν
831 3986 1128 4075 παραδειγμάτων.
1168 3991 1259 4056 895ιε
1279 3986 1314 4054 έκ
1330 3990 1469 4054 πολλῶν

327 4092 377 4159 ἔτι
400 4090 587 4176 δυνάμενος
608 4090 897 4179 παραδειγμάτων
918 4100 1060 4181 ποιησαι
1084 4089 1246 4179 φανερόν.

327 4233 535 4244 .—-——-

398 4318 415 4382 1)
442 4313 582 4385 συλλαβάς
600 4315 714 4372 Rosia
741 4313 882 4385 συλλαβὴν
900 4315 968 4370 MR.
