3304 4928
313 382 354 444 ιο
654 385 658 390 ·
748 420 790 430 -
837 381 933 463 [roo]
983 419 1021 428 --

311 575 495 658 Lysistrata,
514 596 595 657 qnae
615 596 692 641 uero
706 597 769 640 non
786 577 884 640 inest“
895 578 921 658 ¹)
939 613 978 623 -
995 575 1097 641 ultimi
1114 597 1223 640 uersus
1242 577 1461 642 irre-1764

311 682 330 747 i.
350 704 375 746 e.
395 683 470 758 346,
493 684 547 767 qui
571 683 663 748 facile
683 682 821 765 quinque
840 683 918 746 folia
935 683 1285 765 undeseptuagenomm
1304 682 1369 746 iere
1388 705 1460 747 uer-

311 809 402 853 suum
434 788 569 871 explent.
624 789 756 854 Accedit
788 789 873 872 quod
907 787 1081 871 Vesparum
1113 789 1338 872 fragmentum,
1375 791 1460 872 quud

311 896 434 960 omissis
453 894 611 979 prioribus
630 895 774 959 uersibus
792 896 824 960 iu
845 896 952 960 codice
972 898 1004 959 Γ
1020 901 1176 971 seruatur,
1194 916 1240 958 vv.
1259 895 1458 960 oar-1396

311 1003 331 1066 i.
354 1025 380 1066 e.
404 1002 469 1066 976
497 1022 609 1067 uersus
637 1000 892 1086 quattuordecim
924 1001 1023 1078 ibitis,
1055 1023 1187 1086 quorum
1215 1003 1460 1085 unumquodque

312 1108 444 1172 69-70
453 1130 564 1174 uersus
579 1109 749 1186 contineat,
763 1107 986 1191 comprehendi
997 1115 1111 1191 potest,
1126 1116 1158 1173 et
1173 1110 1256 1193 quod
1271 1129 1316 1172 vv.
1330 1109 1460 1172 1-420

312 1213 487 1297 Vesperum
515 1216 547 1278 in
576 1235 612 1280 eo
636 1215 744 1280 codice
767 1215 884 1280 omissa
906 1215 1002 1279 simili
1025 1215 1120 1280 modo
1143 1235 1197 1280 sex
1221 1214 1297 1280 iulia
1319 1215 1459 1280 eiusdem

312 1321 435 1404 generis
459 1323 584 1404 explere
607 1327 787 1405 potuerunt.

400 1427 461 1493 Sed
491 1450 562 1493 cum
585 1433 699 1494 neutro
728 1427 872 1494 codicum
898 1449 1013 1510 genere
1041 1429 1135 1511 plane
1163 1428 1308 1510 congruit
1330 1425 1458 1501 Suidas3

311 1555 404 1617 saepe
433 1536 516 1598 enim
544 1534 632 1598 illam
660 1535 795 1599 formam
818 1534 959 1610 exhibet,
987 1555 1068 1617 quae
1092 1535 1236 1600 codicum
1257 1532 1388 1600 Bono
1411 1533 1458 1598 uis

311 1641 401 1716 locis,
433 1640 489 1704 ubi
521 1639 666 1706 felicibus
698 1642 962 1725 interpolatorum
994 1641 1184 1707 coniecturis
1216 1642 1350 1706 correcti
1378 1645 1460 1705 sunt

312 1746 441 1829 propria
464 1753 520 1822 est,
543 1747 614 1811 aliis
637 1753 741 1812 tamon
767 1770 825 1813 neo
843 1747 924 1812 raris
942 1747 1018 1812 locis
1037 1747 1242 1830 integriorem
1260 1747 1308 1812 Βῑ8
1326 1748 1461 1830 scriptu-

312 1875 380 1916 ram
403 1854 552 1931 seruauit,
575 1853 788 1938 compluribus
812 1854 947 1937 deniqne
966 1854 1043 1920 locis
1061 1854 1222 1938 propriam
1242 1859 1460 1938 repraesentat

313 1960 509 2042 scripturam.
525 1961 650 2026 -Iam
668 1961 914 2043 uniuscuiusque
932 1961 1056 2044 generis
1078 1960 1222 2044 exempla
1240 1979 1321 2043 quae
1340 1959 1461 2026 contuli

312 2064 364 2131 hic
387 2066 585 2131 enumerabo.

740 2234 744 2240 ,
836 2175 932 2254 sir.

401 2296 513 2380 ltaque
541 2317 612 2361 eum
635 2296 795 2388 codicibus
817 2295 948 2362 Buta
971 2297 1086 2362 Suidas
1109 2299 1266 2363 consentit
1291 2336 1332 2344 -
1356 2317 1459 2380 neque

312 2421 389 2465 uero
417 2401 463 2466 ita
491 2409 526 2466 ut
551 2425 675 2485 semper
698 2425 768 2468 oum
792 2405 949 2470 uniuersis
971 2412 1138 2487 congruam
1166 2405 1221 2469 sed
1249 2401 1303 2468 hic
1330 2403 1397 2468 illic
1419 2404 1459 2468 ad

309 2526 408 2571 unum
436 2509 611 2573 altemmue
640 2510 768 2593 propius
793 2511 932 2587 aceedit,
961 2517 1078 2575 certam
1106 2518 1212 2576 tamon
1240 2510 1381 2592 regulam
1405 2515 1461 2572 aut

312 2614 469 2678 rationem
492 2615 524 2678 in
548 2615 664 2678 haere
688 2615 807 2680 frustra
829 2617 972 2698 quaesiui
997 2654 1039 2664 —
1063 2616 1149 2681 hisce
1173 2615 1262 2681 loeis:

336 2741 381 2784 vv.
482 2719 679 2784 S-BCM:
885 2707 887 2727 l
1172 2723 1210 2785 R:

337 2827 378 2888 26
403 2817 732 2911 <insumptuoso
885 2806 887 2905 l
928 2821 970 2891 ἂν
995 2827 1204 2914 ἐζητημένον,

318 2933 378 2996 156
401 2924 632 3014 παρενιδοὸν
654 2933 713 2996 ΒΔ
885 2944 887 3035 ζ
927 2957 1035 3017 παριυ
1059 2927 1153 3012 idaia,

318 3039 379 3100 170
402 3033 584 3120 ῥυχάχετον
807 3059 811 3067 ·
927 3037 1139 3124 ῥυγχάχετον,

314 3145 375 3206 291
403 3135 457 3206 τώ
480 3139 583 3222 ξύλω
928 3153 977 3209 toi
1001 3143 1089 3226 ξύλω
1113 3146 1206 3231 (corr.
1231 3169 1267 3211 ex
1296 3151 1414 3227 ξυλῶ),

313 3249 377 3312 367
401 3244 628 3331 πλεύμονας
648 3248 858 3335 8(Ανο)3)-’
886 3272 888 3285 ·
1095 3243 1099 3251 ’

401 3353 490 3418 ΒΕΔ
504 3353 673 3438 πέλμονας
687 3355 845 3440 seim-0.

312 3451 846 3547 transmeantium-Butae)
886 3486 888 3539 ι

402 3565 510 3647 πιέζοι
532 3565 568 3651 S(
600 3566 622 3651 ).
886 3555 888 3691 ἱ
926 3539 1041 3615 '‘⁶⁵3⁵'’

927 3301 1170 3390 nuedpovuffl),

312 3691 378 3755 448
403 3689 604 3755 ἐκκοκκιῶ
617 3691 645 3778 ⁵)
886 3702 888 3760 !
927 3691 1082 3772 ἐκκοκιιῦ,

315 3801 436 3809 --.-.-
441 3801 527 3808 —---—-

270 3831 276 3846 ¹
387 3835 405 3897 ¹)
425 3833 459 3886 cs.
482 3831 628 3885 Velsenum
648 3830 734 3899 praei.
754 3832 789 3885 ad
809 3831 926 3900 Equites
946 3850 990 3901 pg.
1011 3834 1062 3886 Vll
1081 3833 1173 3887 adnot.
1193 3835 1217 3885 4,

384 3921 405 3986 ¹)
425 3919 526 3974 litteris
545 3919 629 3974 latius
648 3919 789 3988 dispositis
814 3936 895 3974 ueras
914 3921 1128 3989 probabilesque
1148 3920 1299 3989 scripturas
1320 3921 1463 3992 insigniui.

385 4009 405 4070 θ)
424 4008 502 4062 uncis
520 4007 620 4062 inclusi
640 4007 741 4062 Suidae
761 4008 877 4062 codices.

384 4099 405 4164 ⁴)
425 4099 523 4164 ltaque
542 4111 594 4150 nec
609 4095 729 4150 Dobraei
747 4093 894 4163 συμπιέζει
910 4113 961 4150 nec
976 4097 1093 4165 Reisigii
1108 4094 1244 4165 ἐμπιὲζει,
1264 4101 1338 4165 quod
1355 4101 1465 4170 placuit

312 4188 430 4255 Euporo,
450 4201 467 4238 a
485 4185 570 4240 Snida
590 4181 792 4238 confirmantur.

383 4274 405 4338 ὓ)
423 4272 509 4327 editio
529 4271 745 4326 Mediolanensi·
764 4271 866 4327 Suidae
886 4269 1025 4327 ἐκκωκιῶ.

383 4421 404 4471 ul
425 4415 463 4469 sic
484 4415 567 4468 otiam
587 4413 685 4468 Suidas
704 4430 725 4466 s.
744 4413 780 4482 gl.
801 4407 954 4482 Ἐξαμὴοο.
