3310 4932
522 1155 973 1254 PRAEMONITA.

274 1416 329 1514 De
353 1449 499 1514 versibus
518 1448 550 1512 in
567 1447 707 1514 Lucretii
731 1447 872 1514 carmine
895 1450 1050 1533 repetitis,
1076 1451 1130 1533 qui
1155 1451 1321 1516 offendunt

184 1571 280 1635 etiam
304 1589 387 1650 eum,
414 1568 467 1650 qui
491 1568 605 1634 leviter
626 1567 659 1632 id
683 1575 805 1651 tangat,
833 1569 923 1634 multi
940 1569 1047 1635 adbuc
1062 1570 1221 1636 dixerunt.
1262 1572 1321 1635 At-

138 1769 140 1774 ·
183 1709 245 1771 que
260 1697 335 1755 ante
350 1688 594 1754 Lachmanuum
616 1689 649 1753 in
671 1707 726 1754 eos
742 1689 921 1754 accuratius
936 1688 1102 1772 inquisivit
1118 1690 1273 1773 Forbiger
1288 1691 1321 1754 in

183 1808 407 1876 dissertatione
423 1809 584 1892 Lipsiensi
608 1829 638 1874 a.
669 1812 761 1873 1824.
802 1808 904 1886 Quem
923 1809 955 1874 in
973 1810 1080 1875 multis
1096 1829 1221 1876 errasse
1244 1830 1321 1875 eou-

183 1935 372 1996 scntanenm
388 1936 446 2010 cst,
473 1929 625 2011 quoniam
642 1929 868 1995 Lachmannns
888 1929 1010 2014 primus
1026 1929 1187 2014 principia
1202 1930 1321 1996 criseos

184 2050 394 2116 Lucretianae
417 2050 534 2115 docuit.
575 2049 640 2114 Sed
663 2050 695 2114 in
718 2050 765 2116 cis
788 2071 925 2133 quoquc,
952 2070 1034 2134 quae
1057 2051 1111 2116 ille
1126 2057 1212 2118 recte
1227 2051 1318 2132 vidit,

184 2192 236 2238 me
258 2170 339 2236 meis
361 2170 559 2253 argumentis
582 2169 742 2236 confidere
764 2172 862 2236 malle
885 2191 980 2253 quarn
1006 2171 1094 2236 illius
1117 2171 1317 2250 auctoritate,

184 2291 373 2374 quicumque
382 2290 581 2356 Lachmanni
592 2290 853 2356 commentarium
866 2291 1050 2375 perlegerit,
1067 2312 1130 2356 non
1142 2279 1319 2356 mirabitur.

270 2411 497 2476 Lachmannus
520 2410 590 2494 ipse
614 2417 647 2475 et
668 2430 708 2475 ea
730 2410 861 2490 iterata,
889 2430 971 2493 quac
1002 2410 1202 2475 librariorum
1225 2411 1321 2496 culpa

181 2503 217 2597 in
241 2537 361 2597 textum
384 2530 591 2616 irrepserunt,
618 2530 753 2596 removit
768 2536 800 2596 ct
821 2532 915 2614 plura
931 2531 972 2594 ab
991 2531 1118 2596 homine
1133 2530 1165 2594 in
1182 2529 1322 2595 Lucretii

185 2653 325 2719 carmine
341 2651 421 2717 satis
436 2659 574 2732 versato,
598 2651 664 2717 alia
679 2651 753 2716 aliis
768 2650 809 2717 de
825 2651 933 2717 causis
948 2651 981 2715 in
997 2651 1142 2735 margine
1158 2651 1323 2736 adscripta

185 2792 258 2839 csse
281 2770 436 2850 ostendit;
464 2769 580 2836 deinde
604 2791 701 2836 unum
724 2771 918 2855 prooemium
942 2772 1046 2854 quarti
1070 2771 1151 2854 libri,
1178 2771 1263 2853 quod
1282 2792 1322 2837 ex

185 2892 331 2958 versibus
346 2892 373 2972 Ι,
393 2893 543 2956 926-'50
558 2892 730 2976 repetitum
754 2898 813 2976 est,
840 2893 881 2957 ab
905 2891 1064 2958 »editore«
1088 2892 1239 2958 carminis
1263 2890 1324 2956 ad-

184 3013 286 3078 ditum
309 3029 382 3078 csse
404 3012 547 3078 coniecit.

270 3131 468 3217 Bernaysius
498 3131 583 3215 quod
608 3133 641 3196 in
670 3103 752 3197 llius.
779 3132 881 3197 Rbcn.
909 3137 938 3214 5,
966 3137 1028 3196 574
1058 3132 1185 3197 dixerat
1215 3131 1325 3197 omnia

184 3253 300 3319 iterata
321 3253 407 3318 male
431 3252 463 3316 in
487 3259 607 3318 textum
630 3252 751 3318 inserta
773 3271 861 3332 esse,
888 3259 960 3336 post
981 3250 1180 3316 Lachmanni
1207 3250 1325 3316 editio-

185 3393 257 3439 nem
280 3373 438 3440 abiecisse
460 3372 588 3439 videtur
610 3373 669 3450 cis,
688 3372 750 3438 nisi
773 3371 876 3453 fallor,
903 3373 1021 3452 causis,
1048 3371 1164 3454 quibus
1179 3371 1236 3436 ille
1253 3389 1325 3434 car-

186 3495 272 3559 mina
294 3467 484 3579 imperfeota
505 3513 578 3562 csse
600 3514 704 3576 neque
730 3515 750 3558 a
777 3500 873 3578 poeta
902 3493 973 3577 ipso
1001 3492 1088 3557 edita
1116 3493 1322 3576 probaverat,

185 3623 372 3695 commotus,
399 3621 434 3680 nt
456 3615 570 3680 iterata
591 3633 718 3696 quoqne
740 3613 773 3677 iu
797 3613 843 3678 eis
867 3612 981 3696 signis,
1006 3632 1046 3676 ex
1064 3611 1178 3694 quibus
1194 3619 1321 3695 poetam

184 3755 265 3819 opus
298 3755 362 3800 non
396 3735 575 3800 absolvisse
608 3734 815 3817 intellegitur,
853 3732 1052 3798 numeranda
1082 3751 1155 3796 esse
1183 3739 1320 3814 putaret.

184 3854 287 3932 Quam
311 3855 500 3922 sententiam
525 3862 556 3920 et
571 3855 735 3922 Mumoius
758 3853 827 3920 sine
850 3853 946 3919 dubio
969 3852 1170 3936 amplectitur
1193 3859 1225 3917 ct
1242 3853 1322 3917 Pur-

184 3995 321 4040 mannus
337 3975 482 4058 pluribus
498 3995 627 4040 suarum
643 3974 875 4052 Quaestionum
888 3972 1147 4038 Lucretianarum
1166 3972 1319 4048 (Lanban.

189 4099 280 4162 1858.
304 4099 396 4162 1860.
424 4095 551 4162 Oottab.
573 4099 665 4179 1867)
692 4095 771 4162 locis
794 4101 826 4160 ct
847 4094 911 4160 iam
928 4100 1025 4159 antea
1040 4093 1072 4158 in
1088 4093 1195 4158 libello
1218 4093 1323 4158 »Neue

187 4217 335 4302 Beitrtigc
365 4239 421 4283 zur
448 4217 556 4282 Kritik
586 4217 643 4283 des
666 4217 856 4282 Lueretius«
886 4214 1039 4299 inscripto
1072 4213 1198 4296 (Numb.
1227 4216 1318 4299 1849]

186 4339 435 4416 commendavit,
469 4346 505 4404 ut
534 4340 586 4405 vel
616 4338 813 4422 prooemium
842 4335 947 4419 quarti
977 4334 1050 4400 libri
1078 4357 1098 4399 a
1126 4344 1222 4419 poeta
1249 4355 1323 4418 pro-
