3262 4926
591 429 636 440 -
684 393 768 476 [tor]
815 428 859 438 -
1254 399 1297 462 aa

155 575 243 666 -ὑττὲρ
285 578 408 667 ταύτης
454 579 696 667 φροντίζομεν·
751 573 839 667 ὑπὲρ
851 580 983 667 τῆςίεο.
996 577 1297 666 8-1olitt.lt-e

157 680 216 750 ἐὰν
226 687 246 768 ¹)
273 679 336 768 γὰρ
352 678 558 760 ἀκούσαντες
572 680 701 770 ννώσρ-
751 683 814 749 litt.
832 681 1059 770 φροντίζομεν
1079 684 1196 750 lacuna
1212 688 1295 750 26-

157 789 254 870 cuch
290 787 348 850 καὶ
369 787 449 873 περὶ
471 793 538 853 τῶν
567 781 697 852 ἄλλων·
753 789 793 850 28
805 787 876 866 litt}
888 790 1013 850 alc-lt
1030 786 1225 874 litterarum}
1241 789 1299 854 καί

157 884 241 954 ὥστε
281 887 438 956 θανάτου
478 897 537 976 τῆς
579 888 700 977 ζημίας
753 885 832 965 τοὺς
855 895 955 954 τοῦτο
979 886 1202 976 φανερώτατα
1217 915 1299 956 ττοι-

158 991 370 1080 ἐττικειμένης
401 991 461 1058 ἐάν
490 1015 541 1068 τις
569 986 639 1057 ἀλῶ
664 991 700 1057 δὲ
753 998 875 1068 οῦντας
906 989 1113 1079 στρατηγοὺς
1146 1017 1300 1080 χειροτο-

156 1095 214 1159 καλ
226 1093 292 1174 ζῶν
300 1101 321 1181 ³)
342 1092 421 1172 τοὺς
432 1101 531 1162 τοῦτο
546 1092 703 1182 φανερώ-
752 1101 888 1176 νοῦμεν.

157 1221 242 1262 rorte
271 1205 457 1276 τίοιοῦντας
496 1195 702 1287 στρατηγοὺς

155 1308 425 1388 χειροτονοῦμεν.

156 1405 225 1470 lam
248 1403 282 1469 in
304 1404 480 1490 archetypo
502 1403 731 1470 interciderunt
752 1411 825 1488 post
851 1396 939 1489 ὑπὲρ
958 1410 1016 1490 τῆς
1038 1423 1122 1470 νοτε.
1142 1410 1160 1467 5
1183 1404 1295 1471 Ambr.

159 1527 208 1589 ea,
234 1527 318 1590 quae
332 1507 507 1592 Dionysius
530 1507 593 1573 alio
617 1507 686 1573 loco
702 1528 743 1573 ex
759 1508 938 1593 exemplari
961 1527 1019 1573 suo
1034 1508 1194 1573 Isocrateo
1209 1505 1299 1574 dedit

157 1632 190 1695 p.
211 1611 484 1695 1,0021a=§433
500 1603 587 1696 ’ὑπὲρ
611 1617 669 1697 τῆς
692 1617 772 1676 τῶν
790 1603 996 1697 Ἑλλήνιον
1019 1614 1232 1697 σωτηρίας
1254 1649 1298 1659 -

156 1734 189 1799 p.
211 1714 482 1798 recuruatum
505 1720 574 1801 τῆς
604 1713 860 1798 δυσμενείας
884 1711 1139 1802 (πλείστους
1169 1713 1210 1778 δὲ
1232 1739 1298 1780 τι-

158 1818 335 1898 θέμενοι
357 1809 1016 1904 νόμουςσῖτωςόλίγοναύτῶν).
1049 1816 1207 1882 Nimirum
1224 1837 1296 1883 cum

156 1918 267 1985 lolium
282 1918 412 2002 aliquod
430 1939 559 1986 versum
574 1920 688 1985 ultima
702 1919 868 1986 habuisset
881 1920 980 1986 verba
995 1919 1076 1986 hacc
1091 1915 1173 1985 ὅσον
1189 1918 1221 1984 οἱ
1235 1921 1300 2002 μίν

154 2015 241 2107 ὑπὲρ
257 2029 326 2109 τῆς,
352 2023 532 2108 proximum
548 2021 660 2088 folium
676 2028 775 2088 totum
799 2023 907 2088 nescio
931 2042 993 2105 quo
1009 2043 1087 2096 casu
1108 2023 1222 2107 periit3
1248 2023 1297 2091 sc·
1349 2077 1353 2084 ,

155 2125 244 2208 lium,
263 2125 348 2208 quod
364 2127 568 2208 sequebatur,
587 2125 762 2210 incipiebat
777 2119 906 2191 averho
923 2125 1150 2211 φροντίζομεν
1165 2146 1249 2193 vers.
1263 2132 1294 2192 6.

157 2227 280 2311 spatio,
307 2226 392 2308 quod
407 2228 441 2291 in
457 2228 670 2294 Ambrosiano
686 2233 761 2294 ante
777 2247 888 2294 vocem
912 2226 1140 2316 φροντίζομεν
1159 2246 1301 2294 vacuum·

156 2329 302 2394 relictum
326 2334 385 2410 est,
411 2330 526 2409 scriba,
561 2330 594 2394 ni
616 2330 722 2410 fallor,
757 2330 812 2414 qni
838 2331 931 2416 plura
953 2330 1154 2396 intercidisse
1176 2332 1298 2398 sensis-

158 2439 222 2513 set,
253 2433 404 2498 lacunam
433 2431 610 2516 significari
639 2433 750 2500 voluit.
804 2433 881 2498 Post
909 2433 1041 2499 verbum
1072 2432 1300 2519 φροντίζομεν

157 2535 324 2620 archetypi
353 2535 477 2601 litterae
500 2535 658 2602 evanidac
688 2535 789 2602 fuisse
810 2535 970 2619 videntur,
1006 2557 1069 2620 quo
1092 2536 1212 2603 lactum
1235 2545 1295 2618 est⁷

157 2645 201 2720 ut,
228 2660 299 2706 cum
324 2639 352 2704 is
375 2639 429 2722 qui
451 2638 673 2723 apographum
685 2641 718 2724 f
735 2638 870 2705 coniecit
898 2639 1022 2706 litteras
1048 2639 1155 2705 adhuc
1177 2659 1297 2723 cogno-

156 2743 273 2822 visset,
307 2742 336 2806 ia
359 2742 413 2824 qui
437 2743 571 2807 alterum
595 2740 815 2826 apographum
839 2741 1009 2827 ascripsit
1035 2742 1159 2808 litteras
1182 2741 1298 2808 distin-

156 2864 255 2929 gnere
277 2845 341 2909 iam
364 2864 427 2909 non
450 2853 575 2929 posset3
609 2845 770 2927 quercia
792 2842 901 2910 codice
928 2843 1068 2930 spatium
1091 2845 1137 2910 eis
1161 2864 1297 2911 vacuum

157 2945 341 3012 destinavit.
382 2946 531 3012 Ceterum
555 2946 588 3010 in
605 2945 790 3012 Florentino
813 2952 848 3012 ut
863 2947 970 3030 aliquo
992 2947 1085 3012 modo
1101 2947 1202 3014 oratio
1223 2968 1298 3033 prc-

156 3049 294 3132 cederet,
322 3047 360 3114 ἓν
381 3056 501 3115 temere
523 3055 679 3114 mutatum
695 3055 745 3115 cst
766 3049 800 3113 in
824 3044 893 3130 ἐὰν,
920 3047 1092 3134 γνώσεσθε
1116 3050 1149 3114 in
1169 3048 1299 3138 γνώση-

156 3157 232 3216 οθε.
281 3151 346 3218 Sed
368 3171 408 3216 ne
424 3151 655 3217 Ambrosianus
671 3151 799 3233 quidem
822 3151 1066 3235 interpolatione
1081 3158 1171 3218 caret
1187 3189 1227 3200 -
1247 3159 1299 3219 est

157 3255 241 3319 enim
257 3254 317 3321 hoc
333 3253 484 3320 librorum
500 3253 616 3321 κοινόν
627 3277 659 3318 τι
670 3250 789 3330 πάθος
800 3291 842 3301 -
855 3275 926 3319 curn
939 3253 1097 3338 particula
1111 3254 1169 3318 καί
1183 3258 1296 3320 versi

156 3365 232 3423 ante
254 3353 333 3434 τοὺς
354 3357 480 3424 intrusa
502 3357 556 3422 sit.

243 3477 280 3540 P.
299 3478 405 3541 583rss
427 3475 600 3541 laudantur
616 3475 766 3542 Isocratis
785 3476 884 3541 verba
906 3495 947 3541 ex
963 3476 1162 3561 Trapezitioo
1184 3477 1300 3562 §lhrss

264 3578 298 3643 in
318 3578 499 3645 Florentino
521 3578 585 3644 ita:
844 3579 877 3644 in
899 3579 1112 3645 ambrosiano
1135 3579 1197 3647 ita:

158 3677 274 3768 ἐπειδὴ
287 3680 323 3745 δὲ
333 3677 397 3765 ἐγὼ
407 3677 610 3766 προσελθὼν
621 3679 701 3747 lire·
753 3677 870 3767 ἐπειδὴ
883 3679 920 3746 et
930 3677 994 3765 ἐγὼ
1005 3679 1211 3768 προσελθὼν
1220 3681 1300 3749 ἐττε-

159 3777 405 3870 ζήτουναύτὸν,
422 3778 606 3871 ἡγούμενος
621 3785 700 3849 ελε-
753 3781 875 3870 ζὴτοον
897 3778 1012 3866 αὐτὸν,
1042 3779 1227 3872 ἡγούμενος
1248 3788 1298 3851 la-

156 3901 227 3971 ’γεν
256 3881 389 3952 αὐτοῦ
417 3883 461 3952 τὸ
489 3909 701 3973 σαφεστερον
752 3907 834 3952 cuna
860 3889 1098 3971 16—191itt.⁴]
1131 3892 1299 3976 σαφέστε-

156 3995 359 4077 νεγενῆσθαι
390 3991 470 4076 περί
504 3979 550 4056 ὧν
585 3987 700 4056 ἕνεκά·
753 4013 814 4075 ρον
835 3987 1042 4075 γενήσεσθαι
1057 3991 1138 4075 περί
1161 3981 1207 4058 ὧν
1227 3989 1299 4058 ἐνε-

228 4215 243 4278 ¹J
266 4211 396 4267 lvlsocr.
411 4212 493 4268 codd.
518 4215 529 4278 ΙΙ
552 4211 573 4277 ²)
594 4209 741 4280 γνώσεσθε
753 4212 803 4268 iid.
826 4217 837 4280 ll
861 4213 880 4275 ³)
902 4209 1025 4273 δεκάζων
1036 4214 1086 4269 ild.
1110 4216 1121 4280 ll
1144 4215 1163 4280 ⁴)
1184 4215 1300 4272 Praeter

158 4312 281 4352 rasuram
297 4300 323 4350 ll
340 4299 495 4353 litterarum
514 4299 635 4366 spatium
655 4315 772 4356 vacuum
791 4306 835 4355 est
854 4301 921 4353 5—8
935 4300 1100 4356 litterarum.
