3258 4928
342 375 403 438 εεε
772 409 816 420 -
864 373 947 456 [320]
996 410 1038 418 -

340 561 435 628 huius
465 561 540 628 doni
573 561 783 646 philosophus
817 560 1064 646 praedicaverit.
1113 549 1225 628 Scribo
1254 567 1327 637 πῶς
1356 560 1390 626 δὲ
1421 567 1481 648 τῆς

340 663 469 750 δωρεᾶς
490 660 646 752 ταύτης
668 657 744 730 εἶπε
767 661 804 730 τὸ
827 667 985 750 μέγεθος,
1013 660 1235 747 ἐξετάσωμεν.

424 789 457 854 p.
478 771 606 834 1042rss
627 767 670 834 Εἴ
690 791 742 845 τις
762 765 966 856 βουλήσεται
987 764 1205 853 παρόόειχμα
1234 768 1385 848 λαβεῖν
1413 767 1474 834 lae.

343 876 380 936 15
403 872 465 938 litt.
491 876 619 959 μένης
649 872 818 955 λέξεως,
848 866 868 960 ή
891 879 952 938 τοῦ
973 878 1109 960 καρποῦ
1130 870 1175 959 μή
1200 868 1409 959 φθονήσασα
1437 877 1480 958 μή

340 968 415 1058 οῦχλ
426 977 445 1059 ¹)
472 972 587 1064 πριόιη
610 979 872 1061 παρακείσεται;
899 974 974 1059 έμολ
996 976 1060 1060 μὲν
1084 972 1148 1062 γὰρ
1172 975 1265 1042 δοκεῖ
1285 976 1334 1040 M:
1361 976 1482 1057 λαβεῖν

338 1082 443 1164 μένην
457 1078 579 1158 λέξεως
593 1080 632 1144 R.
672 1079 784 1162 Neque
800 1079 924 1148 Reiekii
939 1081 1141 1146 coniecturae
1156 1080 1285 1165 plaeent
1300 1083 1404 1166 μέσης
1424 1080 1480 1146 vel

339 1175 516 1268 ἀνειμένης
536 1183 589 1249 vel
603 1183 697 1269 λιτῆς
718 1202 823 1266 neque
838 1182 1003 1268 Sylburgii
1028 1171 1067 1249 εὖ
1082 1187 1247 1270 κειμένης.
1294 1183 1379 1248 Num
1396 1181 1480 1248 forte

338 1284 399 1350 fuit
414 1282 631 1370 παράδειγμα
646 1287 765 1369 λαβεῖν
778 1284 947 1374 (μειρακ
957 1287 1090 1363 ιωόιῦς
1111 1285 1324 1374 εἰρη>μένης
1336 1285 1480 1366 λέξεωςῖ

337 1388 451 1454 Paullo
474 1389 559 1454 enim
580 1387 665 1456 inire
686 1411 719 1474 p.
740 1391 866 1456 1043rss
896 1390 1027 1473 singula
1049 1391 1130 1457 viiie
1156 1390 1298 1458 breviter
1319 1389 1479 1472 colligens

336 1493 384 1558 ite
398 1492 589 1578 Dionysius:
617 1495 675 1558 καὶ
696 1497 730 1559 τί
751 1493 803 1560 όεῖ
824 1490 867 1559 τὰ
888 1495 996 1560 πλείω
1019 1495 1146 1578 λέγειν;
1172 1488 1217 1560 δι’
1243 1487 1324 1560 όλου
1346 1490 1410 1578 γὰρ
1436 1487 1479 1560 όν

339 1619 388 1672 τις
410 1590 504 1682 εῦροι
525 1603 586 1663 τοῦ
608 1593 711 1682 λόχου
733 1595 964 1683 πορευόμενος
986 1595 1028 1664 τὰ
1050 1598 1113 1681 μέν
1136 1591 1196 1664 οῦκ
1224 1592 1369 1684 ἀκριβῶς
1399 1591 1480 1664 οῦδὲ

338 1700 468 1776 λεπτῶς
490 1697 660 1787 εἰρημένα,
686 1697 728 1765 τὰ
751 1701 787 1767 δέ
809 1701 1097 1788 μειρακιωδῶς
1119 1701 1176 1766 καὶ
1198 1707 1337 1786 ψυχρῶς
1358 1701 1430 1767 κτλ.

423 1824 457 1888 p.
479 1807 590 1870 106052
619 1797 735 1890 Ὀλίχα
763 1802 902 1882 ,τούτοις
934 1803 986 1871 έτι
1018 1805 1188 1890 προσθεὶς
1220 1805 1301 1888 περὶ
1334 1811 1393 1891 τής
1424 1804 1480 1870 λε’-

338 1907 436 1988 ξεως,
471 1904 530 1974 ἐπὶ
552 1905 590 1972 τό
613 1905 907 1991 καταλειπόμενον
927 1915 987 1996 τῆς
1009 1913 1029 1973 4
1052 1909 1112 1974 litt.
1136 1907 1140 1996 ή
1161 1911 1271 1974 8-10
1294 1908 1355 1974 litt.
1384 1913 1477 1974 θεω-

338 2013 414 2094 ρίας
434 2013 537 2096 μέρος
558 2008 803 2099 μεταβήσομαι.
849 2013 939 2096 Lego
962 2011 1021 2077 έπὶ
1042 2009 1079 2078 τὸ
1103 2009 1397 2094 καταλειπόμενον
1419 2018 1478 2098 τῆς

339 2113 433 2196 (τοῦ
455 2114 657 2206 λεκτικοῦ
686 2112 839 2202 τόπου)
854 2119 1006 2200 θεωρίας
1028 2119 1130 2202 μέρος
1152 2111 1404 2201 μεταβήσομαι,
1433 2116 1473 2182 αλ.

336 2237 368 2301 p.
391 2219 517 2282 1058rss
538 2214 708 2302 βούλομαι
729 2217 765 2284 di
790 2213 840 2310 δή
860 2218 917 2284 καλ
947 2219 1218 2303 συλλογίσασθαι
1245 2215 1287 2282 τὰ
1315 2215 1476 2304 εἰρημένα

338 2318 374 2399 ἐξ
402 2314 508 2406 ἀρχῆς
529 2321 588 2386 καὶ
609 2321 718 2401 όεῑξαι
740 2315 855 2388 πάνθ’
874 2315 938 2386 ὅσα
961 2315 1160 2408 ὑπεσχόμην
1190 2315 1377 2407 ἀρχόμενος
1408 2327 1477 2408 τής

338 2427 524 2509 θεωρίας
546 2431 619 2490 τοῦ
641 2426 843 2491 λεκτικοῦ
865 2421 1003 2491 τόπου
1025 2421 1240 2512 πεποιηκότα
1264 2422 1422 2507 ἐμαυτόν.

421 2548 454 2612 p.
477 2529 617 2592 1060mss
638 2530 743 2593 Δοκεῖ
765 2524 804 2614 δή
832 2551 891 2610 μοι
918 2535 985 2594 τῶν
1012 2527 1076 2610 μέν
1103 2520 1219 2615 ὑψηλῇ
1249 2528 1306 2592 καί
1335 2532 1476 2611 περιττῇ

336 2630 392 2694 καί
416 2627 641 2716 ἐξηλλαγμένῃ
665 2627 739 2718 (τῇ)
754 2631 843 2710 λέξει
864 2635 1079 2718 κεχρημένων
1100 2626 1186 2696 κατὰ
1208 2626 1246 2696 τὸ
1264 2635 1476 2718 σαφέστερον

336 2733 394 2797 καὶ
416 2729 610 2818 κοινότερον
631 2741 671 2820 τῇ
695 2732 854 2822 ἑρμηνείᾳ
872 2740 1062 2822 κεχρήσθαι
1076 2729 1241 2819 προῦχειν
1256 2727 1274 2799 ό
1290 2737 1475 2822 Δημοσθέ-

338 2857 405 2922 νης.
439 2832 569 2902 τούτων
595 2833 658 2922 γὰρ
690 2835 726 2904 έν
755 2833 849 2923 πόση
879 2843 1067 2922 κατασκευῇ
1097 2834 1298 2920 στοχάζεται
1325 2839 1473 2922 μέγεθος

337 2936 458 3024 ἐχούσῃ
481 2939 538 3004 καὶ
560 2937 699 3017 ταύταις
722 2945 880 3028 κέχρηται
905 2937 1314 3028 χαρακτηριστικωτάταις
1338 2933 1473 3026 ἀρεταῖς

337 3041 395 3107 ἐπὶ
417 3049 475 3130 τής
496 3037 629 3134 ὑψηλῆς
651 3045 709 3110 καὶ
731 3045 964 3130 ξενοπρεποῦς
987 3037 1173 3127 ὀνομασίας
1196 3037 1241 3121 ῶς
1260 3068 1296 3128 γε
1311 3041 1470 3127 μάλιστα.

336 3147 441 3212 Verba
463 3153 502 3234 τῇ
530 3145 689 3236 ἑρμηνείᾳ
717 3153 906 3236 κεχρῆσθαι
927 3147 1077 3234 Dionysii
1106 3169 1170 3214 non
1201 3153 1286 3214 eunt.
1332 3149 1471 3213 Primum

338 3251 421 3317 enirn
438 3250 582 3334 offendit,
609 3252 693 3336 quod
709 3271 902 3337 praegresso
917 3251 1085 3338 participio
1100 3255 1314 3338 κεχρημένων
1329 3250 1471 3318 eiusdem

335 3355 424 3421 verbi
446 3355 622 3421 infinitivus
645 3360 834 3443 κεχρῆσθαι
856 3355 1009 3439 sequitur.
1050 3355 1190 3420 Maxime
1207 3361 1315 3421 autem
1331 3353 1470 3438 genitivo

335 3453 464 3523 τούτων
486 3458 597 3542 spuria
620 3479 659 3525 ea
681 3478 754 3524 esse
776 3459 939 3544 probatur.
988 3455 1127 3524 Τούτων
1149 3457 1232 3523 enim
1256 3464 1305 3524 est
1327 3463 1388 3522 τοῦ
1410 3477 1470 3520 σα-

335 3565 501 3647 φεστέρου
523 3561 580 3625 καὶ
602 3565 812 3648 κοινοτέρου;
843 3569 877 3629 at
907 3562 935 3628 si
963 3562 1062 3627 verba
1089 3557 1235 3625 κατὰτὸ
1260 3563 1470 3647 σαφέστερον

334 3665 392 3730 καὶ
413 3661 608 3750 κοινότερον
629 3673 668 3751 τῇ
689 3663 848 3753 ἑρμηνεία
863 3669 1053 3752 κεχρῆσθαι
1074 3672 1160 3730 reete
1175 3663 1367 3747 legerentur,
1394 3655 1469 3726 τού-

335 3793 405 3848 του,
431 3789 475 3835 εε.
494 3776 555 3836 τοῦ
573 3818 581 3832 .
602 3820 608 3833 .
630 3819 637 3832 .
663 3774 852 3857 κεχρῆσθαι
866 3789 940 3836 esse
957 3769 1105 3834 debebat.
1143 3766 1326 3834 Genitivum
1343 3763 1468 3831 τούτων

334 3894 409 3940 vero
431 3872 601 3956 quominus
611 3873 828 3966 'depravatum
843 3880 1001 3958 putemne,
1028 3870 1198 3956 prohibent
1211 3855 1310 3936 verbe
1332 3865 1466 3940 ταύταις

336 4028 341 4040 .
361 4029 368 4042 .
387 4027 393 4042 .
412 3969 560 4062 ἀρεταῖς.
584 3977 680 4058 ΚΙιεόε
702 3975 840 4043 efficitur
853 3977 954 4042 verba
973 3981 1012 4060 τῇ
1029 3973 1187 4062 ἑρμηνείᾳ
1202 3978 1388 4060 κεχρῆσθαι
1403 3972 1463 4036 λεα-

334 4080 410 4146 toris
432 4079 541 4146 nennio
564 4080 654 4146 euius
676 4079 993 4164 interpretamentum
1016 4097 1099 4145 eene.

406 4302 422 4368 ¹)
442 4299 506 4369 οὐχὶ
523 4317 578 4370 mg.
599 4301 659 4356 eod.
681 4301 777 4357 Bodi:
800 4297 853 4368 οὐχ
870 4297 887 4365 ἢ
905 4299 974 4354 MR.
