3262 4926
628 394 843 456 ..43-

168 583 195 647 si
219 581 347 648 omniuo
363 603 384 646 a
399 581 547 647 Lucretio
571 580 695 647 oriundi
712 587 796 662 sunt,
822 589 897 666 post
919 583 981 646 005
1005 581 1162 666 ponendi;
1188 580 1305 647 deinde

167 684 388 750 desideramus
411 684 579 769 quaedam,
606 685 721 768 quibus
743 684 783 751 de
798 692 902 752 terrae
917 685 1016 751 totius
1032 685 1122 751 caelu
1138 684 1306 769 oppositae

167 788 360 854 mortalitate
379 787 498 854 dictum
516 788 568 854 sit.
602 786 725 865 Quibus
739 789 908 874 perpensis
925 787 1030 854 iacere
1050 788 1105 854 vix
1120 807 1303 872 possumus,

168 891 243 974 quin
268 895 327 956 261
340 893 452 956 -305
476 898 590 976 poetae
612 911 676 956 non
699 911 771 958 esse
794 899 988 968 statuamus,
1022 910 1093 957 cum
1117 891 1305 976 praesertim

167 995 312 1060 versibus
336 997 499 1059 273-80
526 993 641 1060 deletis
663 1013 728 1076 eos,
760 994 794 1060 in
824 993 939 1078 quibus
968 993 1007 1059 ds
1035 992 1163 1058 mortali
1192 999 1307 1058 natura

169 1117 274 1182 aquae
297 1104 329 1164 et
349 1097 436 1181 ignis
458 1104 584 1182 agatur,
609 1097 766 1164 delendos
789 1115 862 1163 esse
885 1104 1051 1180 sequatur:
1083 1115 1158 1161 nam
1181 1095 1222 1161 de
1244 1095 1301 1177 eis,

167 1202 199 1265 in
223 1201 341 1283 quibus
361 1200 404 1267 de
425 1206 512 1266 terra
533 1200 648 1283 agitur,
676 1201 771 1284 paulo
793 1200 886 1267 aliter
908 1198 1113 1266 statuendum
1138 1217 1210 1266 esse
1232 1218 1306 1265 mox

168 1303 347 1389 apparebit.

253 1406 305 1473 Ad
327 1405 386 1472 hos
413 1405 461 1488 (V,
482 1408 639 1487 etr-suu)
667 1424 752 1471 nunc
768 1413 982 1472 transeamus.
1022 1405 1162 1471 Primum
1177 1405 1261 1468 illud
1273 1405 1307 1468 iu

168 1509 218 1574 bia
246 1512 338 1575 rebam
363 1512 445 1592 (247)
473 1508 567 1574 aliter
595 1515 782 1593 usurpatum
812 1516 862 1575 est
889 1513 984 1593 atque
1013 1508 1128 1575 ceteris
1155 1507 1306 1575 carminis

168 1611 263 1689 locis;
289 1611 407 1680 deinde
429 1631 542 1678 versus
565 1614 715 1677 ast-uu
738 1619 771 1679 et
785 1612 846 1678 soli
861 1618 894 1678 et
909 1631 980 1678 uum
998 1614 1124 1676 ter-u
1145 1609 1306 1676 coniuncti

167 1713 375 1781 difficultates
398 1714 566 1800 praebent.

253 1819 358 1901 Atque
380 1818 463 1882 illud
488 1820 570 1901 (247)
597 1818 736 1902 pertinet
765 1816 808 1884 ed
837 1818 923 1902 quod
949 1827 1065 1882 terram
1087 1826 1181 1902 atque
1202 1817 1306 1900 ipnean

167 1922 314 1986 mortedio
336 1922 458 2005 sumpsi
477 1943 542 1985 esse
564 1943 590 1984 e.
617 1943 647 2006 q.
673 1944 714 2000 0.,
747 1921 790 1986 ad
816 1929 937 1987 certam
965 1921 1063 2004 igitur
1091 1939 1175 2001 rem,
1208 1939 1305 2001 qnam

166 2031 264 2108 poeta
285 2025 349 2090 iam
372 2022 494 2107 tetigit:
528 2024 674 2090 omnibus
696 2024 811 2090 ceteris
837 2024 918 2089 locis
941 2023 1024 2086 illud
1050 2023 1183 2104 (scilicet
1203 2022 1236 2088 in
1260 2023 1306 2088 si-

168 2127 235 2191 miii
259 2127 491 2210 coniunctione)
517 2127 560 2192 ad
583 2145 701 2193 novrum
724 2125 879 2209 quiddam
902 2132 1041 2210 spectat:

277 2227 303 2310 Ι,
331 2231 371 2295 80
395 2230 478 2294 illud
498 2231 530 2293 iu
552 2229 601 2294 bis
623 2231 715 2294 rebus
738 2251 856 2306 berem,
881 2251 919 2294 ue
930 2231 1026 2315 forte
1049 2228 1148 2293 reatt's

393 2333 480 2416 inpia
505 2341 533 2396 te
555 2331 688 2397 rationis
710 2332 792 2396 inire
814 2332 976 2396 elementa.

168 2435 199 2514 I,
228 2437 300 2499 370.
331 2438 422 2500 1052.
454 2435 503 2517 II,
531 2435 604 2500 308.
637 2435 701 2515 ΙΠ,
729 2437 804 2498 310.
836 2437 910 2499 370.
936 2436 1011 2498 000.
1044 2435 1099 2514 IV,
1126 2436 1200 2499 256.
1228 2436 1302 2499 822.

169 2540 242 2604 808.
269 2537 307 2619 V,
334 2541 408 2604 066.
437 2538 609 2616 1091.V1‚
639 2540 733 2601 1056.
762 2539 889 2620 10300.

211 2642 253 2722 11,
285 2644 342 2706 184
367 2643 462 2706 Nunc
485 2643 570 2704 locus
593 2648 650 2718 eat,
675 2649 711 2704 ut
726 2639 847 2724 opinor,
870 2639 904 2702 iu
919 2639 968 2703 tia
983 2639 1067 2703 illud
1080 2661 1200 2724 quoque
1214 2642 1306 2705 rebus

366 2744 551 2826 corpimare
575 2742 640 2824 ta'ba',
666 2743 786 2807 nullum
808 2765 874 2807 rem
891 2764 986 2827 pesse
1008 2765 1066 2808 auu
1088 2743 1122 2807 ci

367 2867 549 2930 corporeum
571 2867 694 2910 sursum
706 2846 801 2932 ferri
821 2867 1005 2932 sursumque
1026 2869 1141 2911 meare.

168 2950 209 3026 11,
238 2953 311 3014 auc.
337 2949 379 3029 11,
407 2951 464 3014 ssu
499 2950 562 3028 uu,
590 2951 662 3014 sss.
689 2950 729 3028 v,
756 2952 829 3013 suo.
855 2949 913 3031 111,
941 2953 1015 3013 rsa.
1040 2950 1083 3030 11,
1110 2951 1199 3033 004).

255 3052 381 3118 Deinde
397 3071 509 3119 versus
521 3051 560 3132 V,
577 3054 725 3116 ast-60
740 3051 919 3117 accuratius
935 3052 1184 3119 consideremus.
1217 3051 1307 3130 Quo-

168 3175 236 3220 rum
261 3156 289 3220 si
311 3155 480 3221 lectionem
503 3152 665 3220 codicibus
688 3152 839 3219 traditam
862 3153 1034 3236 sequimur,
1061 3153 1141 3218 haec
1163 3159 1253 3219 suut:

292 3266 462 3341 practerea
480 3277 542 3340 pro
559 3265 656 3339 purte
678 3278 736 3320 suo
758 3257 843 3341 quod
863 3277 992 3340 cumque
1013 3255 1072 3320 ulit
1093 3264 1188 3339 cupet

297 3361 451 3424 redditur.

169 3461 260 3539 Quod
283 3462 510 3529 Lachmauuus
534 3463 604 3526 alid
623 3461 770 3528 Lambini
793 3461 1008 3527 coniecturam
1030 3467 1117 3526 recte
1139 3458 1308 3542 amplexus

169 3565 215 3629 ita
237 3565 466 3648 interpretetus
489 3570 554 3630 est:
582 3563 668 3646 quod
690 3563 773 3630 alias
795 3583 848 3630 res
871 3568 979 3646 auget,
1005 3561 1039 3626 id
1061 3581 1119 3646 pro
1139 3579 1199 3626 sua
1214 3567 1308 3644 parte

227 3704 255 3766 st)
278 3701 356 3756 Unus
374 3707 418 3756 est
436 3702 523 3755 iocus.
545 3701 591 3770 qui
611 3701 700 3770 prima
718 3700 812 3770 specie
830 3713 986 3769 repugnare
1005 3697 1150 3752 videatur:

273 3786 309 3850 11,
330 3789 375 3838 801
400 3787 469 3840 illud
486 3786 515 3839 in
533 3787 574 3840 baa
592 3787 675 3858 ipitur
688 3787 768 3840 'rebus
786 3784 935 3839 tueminisse
953 3783 1052 3838 decebit

401 3891 453 3926 uun
472 3889 504 3925 ex
521 3871 641 3926 omnebus
659 3873 775 3934 omuino,
795 3887 974 3942 quaecumque
992 3875 1084 3923 creant
1102 3887 1154 3933 ree,

400 3958 494 4013 sensile
512 3963 537 4010 et
554 3957 682 4026 exempto
704 3976 745 4012 ute
761 3957 839 4028 pipat
855 3955 944 4009 dicen
962 3973 1062 4020 seusus,

401 4045 447 4098 aed
464 4043 558 4113 maqm'
575 4047 717 4114 referres.
740 4062 765 4114 q.
784 4061 805 4097 0.

170 4129 211 4182 At
229 4130 378 4184 romanicae
395 4145 451 4184 non
470 4128 593 4199 pertinet
611 4129 647 4183 ad
666 4129 811 4198 quiddam,
839 4128 875 4181 de
899 4141 954 4195 quo
978 4127 1033 4180 iam
1058 4125 1143 4188 dixit,
1169 4126 1218 4182 sed
1241 4140 1310 4180 con-

170 4214 264 4270 fitetur
289 4231 360 4285 opus
388 4231 450 4270 esse
475 4216 504 4268 in
529 4219 590 4269 tota
614 4229 696 4284 quam
721 4215 904 4270 instituturus
929 4212 965 4266 sit
992 4213 1158 4281 quaestione
1176 4209 1310 4267 memoria

171 4306 263 4355 tenere
281 4301 319 4364 id,
340 4302 415 4370 quod
434 4303 489 4356 iam
509 4299 636 4355 dicturus
655 4307 707 4354 est.
