3304 4928
251 801 357 883 Atque
383 806 420 864 ut
447 801 524 884 quid
552 801 686 866 sentiam
714 801 754 864 de
776 799 928 892 Suidanis
952 823 992 866 ex
1018 800 1169 886 Equitum
1199 799 1308 866 fabula

162 906 319 990 excerptis
341 905 483 970 breuiter
506 905 781 990 comprehendam,
804 905 921 972 Suidae
944 908 1120 990 scripturae
1143 907 1308 990 nequead

162 1013 196 1076 id
228 1013 371 1077 codicum
398 1035 497 1096 genus
524 1013 709 1078 referendae
736 1019 811 1078 sunt
838 1015 922 1099 quod
949 1013 1073 1079 codices
1103 1012 1310 1077 v-P-Aren

164 1118 398 1201 complectitur,
430 1140 531 1201 noque
559 1140 630 1183 cum
657 1119 842 1184 Rauennate
872 1125 943 1184 arta
975 1119 1111 1201 quadam
1139 1119 1310 1183 cohaerent

165 1224 408 1302 necessitudine,
440 1247 552 1290 uerum
584 1231 715 1310 propter
746 1225 921 1309 complures
949 1226 1122 1309 scripturas
1150 1245 1170 1288 a
1197 1223 1311 1287 ceteris

164 1330 255 1395 libris
282 1351 410 1414 prorsus
434 1331 554 1396 alienas
577 1332 730 1415 singulari
759 1333 884 1396 cuidam
907 1325 1049 1397 codicum
1076 1329 1215 1395 familiae
1237 1333 1312 1393 sunt

164 1436 404 1515 adhibuendus,
423 1459 519 1522 aqua
536 1439 634 1504 codex
649 1435 876 1503 Ambrosianus
895 1439 1034 1502 omnium
1052 1437 1193 1520 proxime
1212 1435 1311 1499 abest

165 1541 260 1608 Certo
283 1543 443 1609 reicienda
466 1551 515 1609 est
533 1543 690 1609 Dindorfii
713 1545 910 1627 aliorumque
927 1544 1085 1609 sententia
1107 1542 1163 1625 qui
1181 1539 1311 1605 Suidam

165 1670 229 1714 uno
251 1649 435 1732 pluribusne
456 1650 617 1716 codicibus
634 1652 813 1716 Rauennati
831 1649 1013 1732 Venetoque
1035 1647 1202 1714 simillimis
1220 1627 1311 1710 usum

167 1775 235 1820 esse
257 1753 464 1822 arbitrantur.

233 1861 491 1928 Vniuersorum
482 1863 581 1947 igitur
599 1863 821 1948 Aristophanis
840 1863 983 1928 codicum
1000 1860 1165 1944 originem,
1187 1856 1314 1939 qualem

167 1966 336 2050 quidem
328 1991 361 2032 1n
393 1969 546 2051 Equitum
582 1969 692 2035 sabula
727 1969 905 2074 perspicere
938 1967 1027 2042 licet,
1057 1964 1118 2030 hoc
1148 1965 1315 2028 stemmate

167 2071 342 2140 illustrasse
365 2075 504 2141 iuuabit.

557 2165 566 2234 l
586 2166 594 2234 l

242 2451 297 2520 [ν]
298 2295 512 2494 s
513 2243 1198 2746 {Nic}

568 2183 585 2218 α

572 2467 607 2537 l¹l

207 2516 285 2886 r
460 2529 642 2819 ΑΝ
822 2521 1198 3144 p

234 3741 240 3752 ·
265 3710 353 3788 Quae
381 3730 451 3773 cum
475 3708 521 3770 ita
548 3707 626 3781 sint,
653 3704 798 3788 quamuis
826 3702 970 3784 dispersa
992 3707 1025 3763 et
1052 3697 1225 3763 dilacerata
1247 3695 1320 3759 Ari-

177 3817 341 3899 stophanis
373 3815 551 3896 fragmento
583 3833 603 3876 a
634 3811 733 3876 Suidc
765 3808 974 3872 exhibeantur
1011 3812 1044 3870 ot
1074 3803 1192 3869 Suidae
1223 3803 1322 3884 ipsius

178 3922 301 3988 codices
336 3920 533 4002 maximeque
566 3917 621 3982 BE
656 3915 847 3980 foedissimis
879 3910 1067 3996 corruptelis
1098 3927 1323 3989 nonnunquam

178 4029 284 4094 uitiati
308 4027 381 4104 sint,
404 4033 510 4090 tamen
533 4025 658 4090 laudem
682 4021 833 4086 meruisse
854 4019 983 4083 uidetur
997 4015 1099 4080 Wold.
1122 4012 1324 4086 Ribbeckius,

178 4134 263 4218 quod
282 4134 433 4218 Equitum
457 4132 588 4196 editioni
608 4129 724 4194 Suidac
746 4147 871 4210 quoque
895 4125 1067 4206 scripturas
1089 4127 1121 4184 ct
1143 4118 1323 4185 adnotatio·

179 4263 235 4305 nes
262 4241 288 4305 si
317 4261 379 4305 non
403 4259 511 4304 omnes
534 4242 569 4302 at
595 4242 680 4301 corte
707 4233 911 4317 grauissimas
939 4227 1133 4312 subscripsit
1181 4223 1225 4289 Et
1251 4243 1324 4306 pro-

253 4400 358 4476 1plac.
377 4397 410 4461 is,
430 4411 510 4465 quem
525 4393 625 4452 Suidas
643 4393 672 4447 in
686 4407 763 4447 usum
781 4387 900 4453 uocauit,
920 4387 1007 4441 codex
1021 4383 1149 4439 undecim
1167 4378 1324 4436 tabularum

181 4487 453 4562 Aristophanearum.
