3258 4928
491 431 535 441 -
581 395 665 477 μου]
713 430 756 442 -
1128 398 1188 462 211

113 582 182 663 μὲν
199 577 321 665 ὅμοιος
338 575 537 666 Ἡροδότου,
563 587 611 670 πῆ
635 574 669 648 δ’
688 580 910 666 ἐνδεέστερος.
957 584 1192 653 Herwerdenus
1282 579 1288 590 ’

109 686 146 750 iit
167 693 218 771 τῷ
237 679 439 770 Ἡροδότου.
478 687 522 751 At
537 680 654 768 ὅμοιος
672 679 861 770 Ἡροδότου
884 693 970 753 eerto
985 687 1126 772 genuine
1143 696 1192 755 est

109 789 158 859 io:
187 809 296 872 neque
319 789 403 856 enirn
427 782 546 871 όμοιός
568 811 659 866 τινος
680 788 827 854 inaudita
849 795 899 856 eut
914 797 1073 856 structura
1087 811 1191 876 neque

109 891 178 956 endi
203 893 345 976 lieentia,
372 912 468 976 quarn
483 892 719 959 Herwerdenus
742 893 905 977 expellere
927 892 1006 974 vult,
1032 893 1191 979 aDiuny-

120 995 236 1060 aliena
266 1003 331 1069 est3
364 995 405 1061 of.
431 995 592 1081 Theophr.
623 995 664 1060 Η.
691 996 726 1061 Ρ.
752 995 800 1061 IX
825 999 891 1060 1111
924 989 942 1083 ἡ
971 996 1007 1062 δέ
1038 991 1192 1082 άκαρπος

109 1122 115 1159 ι
132 1093 172 1160 τὸ
192 1095 325 1183 (μάλλον
341 1091 460 1180 όμοιον
475 1097 676 1186 θριδακίνης
691 1105 749 1185 τῆς
764 1105 900 1182 πικρᾶς.
940 1099 1034 1167 Βίου.
1053 1122 1086 1186 p.
1102 1105 1192 1166 64015

109 1204 281 1275 ςΛυσίου
296 1202 559 1288 παραπλησίους
574 1197 705 1287 λόγους.
739 1203 815 1266 7863
832 1195 849 1266 ὁ
866 1199 1015 1278 λεκτικὸς
1036 1206 1091 1286 (ευ.
1109 1206 1194 1270 Θεο-

110 1327 197 1368 ιττου
219 1302 401 1391 χαρακτὴρ)
426 1299 609 1390 Ἰσοκράτει
637 1302 784 1387 μάλιστα
808 1303 927 1372 ἐὀικον.
959 1341 1003 1356 -·
1032 1307 1068 1372 Ρ.
1088 1309 1193 1371 7925ss

109 1405 168 1470 ina
203 1431 241 1472 τε
270 1413 420 1492 μίγνυται
431 1410 449 1494 ¹)
484 1406 669 1494 πράγματα
703 1402 777 1474 ἀντὶ
808 1407 975 1492 σωμάτων
1004 1404 1024 1497 ἢ
1055 1407 1193 1492 σώματα

109 1511 126 1573 ’ὶ
151 1509 367 1596 πραγμάτων
388 1513 446 1576 καί
469 1507 526 1598 ἐφ’
546 1503 591 1578 ὧν
614 1510 865 1600 ἐνθυμημάτων
886 1536 921 1578 τε
945 1514 1001 1578 καὶ
1016 1510 1195 1600 νοημάτων

110 1613 243 1694 μεταξὺ
265 1612 526 1700 παρεμπτώσεις
549 1615 675 1680 πολλαὶ
698 1613 873 1700 γινόμεναι
904 1614 961 1680 διά
982 1623 1113 1701 μακροῦ
1135 1614 1196 1704 την

109 1717 268 1783 ιλουθίαν
289 1717 497 1800 κομίζονται.
545 1719 622 1785 Post
643 1716 894 1807 ἐνθυμημάτων
915 1718 1023 1786 omisit
1045 1721 1195 1787 Hemer-

109 1839 158 1885 rus
185 1821 523 1906 „interpretamentum
546 1845 582 1887 τε
604 1824 661 1887 καὶ
683 1820 863 1909 νοημάτων
889 1823 975 1906 quod
996 1831 1080 1890 reete
1103 1823 1196 1890 abest

110 1944 168 1990 ουο
191 1926 342 1992 laudatu‘
367 1925 408 1991 de
430 1925 531 1992 Thue.
556 1924 623 1991 iud.
649 1946 682 2010 p.
703 1929 811 2007 suun,
837 1926 923 1993 unde
953 1925 1032 1994 haee
1060 1926 1196 2012 repetitu

109 2036 143 2091 rt.
191 2029 296 2093 Huius
318 2029 604 2112 argumentationis
627 2029 690 2093 vim
719 2049 770 2094 me
800 2049 864 2094 non
894 2029 1075 2114 perspicere
1097 2030 1195 2096 libere

109 2151 170 2196 eor.
218 2133 302 2196 Nam
324 2139 360 2196 ut
381 2131 463 2197 nihil
485 2131 589 2197 dicam
613 2131 654 2196 de
679 2132 963 2216 interpretamento
992 2133 1072 2198 uatis
1100 2133 1190 2212 miro,

109 2255 128 2296 a
150 2233 231 2298 haee
253 2233 353 2298 verba
376 2234 506 2318 saepius
528 2235 638 2299 iuncte
659 2243 837 2316 occurrunt,
864 2235 905 2299 ef.
922 2255 954 2319 p.
974 2237 1065 2300 seen
1087 2228 1107 2322 ἡ
1131 2239 1196 2300 τῶν

109 2333 309 2422 λυμημάτων
329 2360 365 2401 τε
388 2338 445 2401 καὶ
466 2333 646 2424 νοημάτων
668 2331 813 2421 εὕρεσις·
856 2341 947 2402 927ω
973 2330 993 2424 ἡ
1020 2343 1085 2402 τῶν
1113 2361 1196 2422 κρα-

109 2463 181 2504 Ιτων
204 2436 454 2527 ἐνθυμημάτων
475 2463 512 2506 τε
533 2441 591 2505 καὶ
611 2437 792 2527 νοημάτων
814 2434 955 2524 εὕρεσις.
995 2442 1073 2529 897ι
1096 2436 1196 2506 άπα-

110 2567 120 2602 ν
142 2567 174 2608 τι
196 2551 306 2631 χρῆμα
330 2541 509 2631 νοημάτων
531 2567 566 2610 τε
589 2545 645 2609 καί
674 2541 924 2632 ἐνθυμημάτων
951 2551 1117 2628 περιττῶν
1139 2546 1195 2609 καλ

110 2671 164 2712 ων
192 2648 249 2711 καί
278 2645 495 2731 παραδόξων.
543 2646 609 2714 Sed
638 2647 875 2716 Herwerdenur
903 2648 1001 2715 etiarn
1032 2669 1065 2734 p.
1090 2651 1191 2724 804ιι,

110 2751 115 2814 ἰ
137 2759 186 2818 est
209 2749 244 2816 ἐν
266 2751 302 2816 δέ
325 2763 397 2828 τοῖς
419 2748 637 2838 ἐνθυμήμασί
659 2775 694 2816 τε
724 2753 781 2816 καὶ
808 2749 976 2838 νοήμασιν
1005 2749 1041 2816 αλ
1069 2749 1196 2834 μεταξὺ

110 2851 320 2938 ερεμπτώσεις
343 2855 467 2920 πολλαί
490 2851 664 2938 γινόμεναι
688 2855 793 2932 ¹uerba
820 2877 855 2920 τε
884 2856 940 2920 καί
967 2851 1135 2942 νοήμασιν
1162 2856 1197 2921 in

110 2958 271 3042 rpieionem
294 2966 399 3024 vocat.
445 2957 558 3040 Imque
581 2978 645 3024 non
667 2958 744 3025 solie
766 2958 832 3025 iilis
855 2959 979 3026 duobus
1001 2959 1082 3026 loeis
1096 2961 1195 3026 verbu

122 3062 177 3125 καὶ
196 3058 347 3148 νοήματα
370 3080 429 3147 pre
448 3061 730 3146 interpretamento
746 3061 895 3128 habende
909 3069 1028 3144 essent,
1055 3062 1113 3128 red
1128 3083 1197 3129 orn-

111 3185 158 3230 )us
180 3163 338 3245 unienda,
363 3163 482 3248 qnuin
504 3183 671 3244 renone,
705 3163 738 3230 ni
766 3163 871 3247 fallor,
905 3184 977 3230 uum
1004 3164 1074 3230 viro
1102 3164 1196 3232 doeio

111 3275 186 3334 ‚tavu
208 3268 311 3334 faciet.
359 3269 427 3334 Iam
450 3267 621 3352 quaeritur,
653 3287 729 3334 uum
752 3267 853 3334 verbe
882 3290 918 3334 τε
940 3267 998 3332 καὶ
1018 3265 1198 3356 νοημάτων

120 3375 206 3437 868ω
227 3378 299 3457 poet
321 3367 571 3458 ἐνθυμημάτων
591 3368 763 3436 inserenda
778 3375 969 3436 statuamus.
1008 3369 1083 3436 Veri
1098 3370 1196 3437 diesi-

113 3475 141 3538 le
163 3482 209 3540 est
229 3475 419 3559 Dionysium
442 3475 475 3540 iu
497 3473 617 3540 meiere
638 3472 679 3540 de
702 3471 893 3557 Thucydide
914 3473 995 3539 libro
1018 3492 1120 3556 eoque
1142 3493 1198 3538 ac-

112 3583 174 3643 rute
195 3579 355 3644 elaborato
377 3577 525 3662 graviore
539 3577 638 3644 verbe
656 3576 813 3658 omisisse,
841 3575 1004 3643 addidisse
1027 3575 1140 3641 eadem
1163 3575 1196 3640 in

112 3682 174 3745 »ello
195 3680 232 3746 de
253 3681 453 3766 Thucydidis
474 3679 636 3747 idiomatis
659 3681 692 3746 in
716 3701 756 3748 ee
777 3680 817 3746 de
839 3699 904 3764 que
925 3679 1031 3763 egitur
1048 3687 1140 3762 purte
1156 3698 1196 3744 ex

112 3784 340 3868 otrunsuripto.
389 3773 498 3850 Potius
520 3783 619 3850 verbu
641 3806 677 3849 τε
699 3785 757 3848 καὶ
777 3779 957 3870 νοημάτων
985 3787 1115 3867 propiet
1136 3781 1195 3846 ho·

112 3888 294 3953 neotelenton
321 3885 441 3952 omissa
467 3905 500 3970 p.
526 3887 616 3952 86816
644 3892 718 3972 post
746 3881 996 3972 ἐνθυμημάτων
1023 3883 1195 3950 adicienda

114 3999 154 4056 ut.
201 3991 330 4056 Prorsus
362 3989 474 4056 eudem
508 3989 590 4055 ratio
624 3996 674 4056 est
705 3989 890 4068 verborum,
932 4007 1016 4070 quae
1048 3987 1198 4070 leguntur

126 4097 221 4159 rehu
247 4091 306 4170 τὰς
334 4089 540 4180 παρισώσεις
563 4093 648 4178 λέμω
675 4092 732 4158 καί
755 4088 1006 4178 παρομοιώσεις
1028 4091 1086 4155 καί
1108 4113 1199 4174 παρ-

145 4319 160 4382 1)
179 4313 264 4370 ὁπόσα
280 4333 309 4370 τε
327 4315 456 4385 γίγνεται
474 4316 590 4374 Reisir.:
611 4311 780 4384 ἐπιπίνειν
797 4311 814 4380 ἢ
831 4313 866 4368 τά
884 4313 968 4370 codd.

937 4415 985 4470 ld*
