3262 4926
619 385 833 446 ..13-

158 592 248 638 esse:
273 593 312 637 ao
334 579 420 637 certo
443 570 573 653 quidem
597 591 664 648 eas,
692 590 775 652 quae
798 570 864 635 illis
887 569 1063 634 rationibus
1082 569 1291 650 continentur,

159 675 295 757 quasin
318 695 371 759 pg.
400 679 484 738 7-9
507 673 698 756 significavi.
746 673 931 739 Ceterarum
955 673 1104 738 videntur
1126 672 1203 737 mihi

246 780 331 844 aliae
355 776 459 844 redire
482 777 525 843 ad
549 777 710 858 librarios:
739 777 778 843 de
801 776 917 860 quibus
940 777 1032 842 nobis
1055 776 1217 858 agendum
1233 797 1296 841 non

160 889 219 956 est,
238 882 357 966 quippe
373 903 457 964 quac
472 880 536 946 iam
550 903 570 945 a
583 881 790 946 Laolnnauno
806 887 995 965 perspectae
1007 901 1045 946 ae
1057 882 1202 946 seclusae
1214 880 1292 958 sint;

246 986 331 1050 aliae
347 984 389 1050 ad
404 985 554 1050 lectorem
571 984 806 1068 philosophum,
830 992 866 1049 ut
881 983 959 1048 sotis
974 992 1081 1048 notam
1099 983 1296 1049 Lachmanni

160 1089 427 1170 significationem
452 1109 616 1172 usurpem

246 1192 332 1256 aliae
354 1191 400 1256 ed
420 1191 574 1257 editorem
597 1190 783 1270 carminum,
811 1191 865 1272 qui
888 1211 938 1270 ea,
965 1211 1036 1254 oum
1058 1190 1202 1273 pluribus
1218 1190 1297 1255 locis
1322 1203 1324 1210 ’

162 1316 274 1380 parum
298 1296 467 1360 coniuncta
494 1315 566 1360 esse
588 1294 729 1372 videret,
756 1294 807 1358 his
831 1296 880 1359 ret
911 1294 977 1358 illis
1001 1295 1146 1360 versibus
1169 1294 1296 1358 insertis

162 1398 362 1464 emendanda
385 1419 458 1464 esse
481 1399 649 1474 censebat;

248 1503 331 1566 aliae
355 1503 398 1566 ad
421 1502 665 1584 grammaticum
688 1501 846 1583 aliquem,
872 1501 926 1583 qui
949 1501 1092 1566 carmina
1115 1499 1208 1565 modo
1231 1501 1297 1565 suis

162 1607 255 1670 modo
290 1612 404 1690 poetae
438 1606 540 1689 ipsius
575 1603 721 1671 versibus
755 1605 951 1688 amplificare
986 1610 1018 1670 et
1047 1604 1207 1687 corrigere
1237 1604 1298 1670 sibi
1327 1655 1330 1662 .

162 1709 341 1775 videbatur.

711 1973 744 2053 I.

251 2139 369 2203 Eorum
397 2138 481 2202 falso
511 2137 712 2218 iteratorum,
746 2157 830 2218 quae
860 2137 1013 2202 lectori
1046 2137 1299 2222 philosopho

165 2241 329 2324 debemus,
355 2241 522 2307 consilium
545 2263 618 2306 eum
643 2260 747 2326 paene
770 2240 916 2306 omnibus
939 2240 1020 2305 locis
1037 2241 1170 2305 indicari
1186 2241 1297 2324 possit,

167 2365 258 2410 nemo
274 2367 314 2410 ea
328 2345 486 2426 retinebit,
512 2345 700 2428 praesertim
717 2365 788 2410 curn
803 2364 844 2409 ne
859 2350 971 2409 auctor
986 2343 1114 2427 quidem
1131 2345 1297 2424 studuerit,

166 2456 200 2513 ut
216 2469 275 2513 sua
290 2449 512 2514 additamenta
533 2449 637 2533 ipsius
659 2454 774 2533 poetae
799 2467 871 2513 esse
894 2447 1090 2513 viderentur.
1129 2449 1195 2512 Aut
1216 2449 1300 2514 enim

166 2573 186 2616 a
208 2573 332 2618 conexu
355 2552 585 2618 sententiarum
609 2553 679 2616 eius
702 2552 776 2630 toci,
803 2551 857 2615 ubi
880 2550 992 2616 addito
1014 2563 1098 2634 sunt,
1124 2552 1222 2635 plane
1242 2553 1302 2617 ab·

168 2656 308 2735 horrent,
336 2662 392 2720 aut
413 2657 581 2720 uerborum
604 2654 832 2720 constructioni
856 2661 1046 2737 repugnant,
1073 2661 1107 2719 ut
1129 2654 1189 2718 soli
1212 2656 1303 2721 casui

167 2758 369 2823 tribuendum
393 2757 444 2844 sit,
471 2758 499 2823 si
522 2779 572 2838 ea,
599 2779 682 2840 quoe
703 2758 759 2822 ille
774 2758 911 2840 margini
929 2758 1156 2842 adscripscrat,
1183 2758 1215 2824 in
1232 2765 1304 2824 tex-

167 2868 233 2926 tum
256 2862 388 2927 detrusa
410 2862 438 2926 ei
464 2861 532 2927 loco
555 2881 596 2927 cx
617 2861 764 2926 omnibns
780 2862 924 2946 partibus
939 2863 1141 2928 conveniant.
1183 2863 1226 2928 Ut
1241 2862 1305 2944 igi-

168 2973 219 3031 tur
241 2987 280 3031 ea
302 2985 496 3044 enumerem,

478 3069 504 3150 1,
531 3071 659 3132 44-49
687 3068 739 3150 t=
761 3069 803 3146 11,
831 3071 989 3144 ero-sn
1070 3117 1073 3124 .

168 3173 280 3238 addita
303 3181 377 3238 suut
398 3174 439 3238 ab
460 3172 530 3248 illo,
555 3178 610 3237 »ut
632 3172 814 3237 ostenderet
836 3171 1017 3236 Lucretium
1040 3173 1103 3239 sibi
1125 3173 1303 3254 adversari,
1353 3183 1362 3194 '

169 3277 316 3359 quicum
340 3275 418 3341 deos
442 3276 590 3341 mortalia
615 3295 677 3340 non
702 3294 813 3340 curare
834 3275 989 3355 affirmet,
1018 3277 1173 3341 Venerem
1198 3283 1306 3342 tamen

169 3381 327 3445 invocet«.

477 3467 522 3562 v,
544 3486 712 3547 reor-ro
740 3482 834 3564 (rare
858 3512 899 3536 =
923 3485 995 3565 sas)

170 3586 349 3667 dequibus
373 3585 597 3651 Lachmannus
620 3585 815 3650 haecdicit:
845 3592 1002 3670 »apparet
1024 3585 1104 3674 hacc
1127 3586 1306 3652 Lucretium

171 3710 234 3753 non
250 3689 429 3772 scripsisse,
456 3689 514 3754 sed
528 3689 626 3753 istum
642 3689 806 3770 lectorem,
824 3709 844 3753 a
859 3709 920 3771 qun
936 3695 1073 3773 poetam,
1097 3690 1151 3754 ubi
1166 3691 1307 3756 incredi-

171 3793 250 3857 bilia
265 3791 391 3858 tradere
415 3791 586 3870 videretur,
612 3791 758 3857 versibus
772 3792 969 3876 interpositis
986 3793 1134 3858 derisum
1144 3793 1307 3860 intellexi-

172 3915 243 3960 mus
259 3896 292 3960 in
308 3894 389 3961 libro
403 3895 463 3974 111,
483 3897 557 3960 412.
577 3897 665 3975 743«,
691 3894 724 3959 in
748 3895 863 3977 quibus
885 3903 993 3960 temen
1012 3917 1074 3962 non
1091 3896 1206 3962 iterata
1221 3907 1306 3964 sunt.

446 3999 505 4078 111,
532 4001 681 4063 soc-18
710 4001 761 4083 (=
784 4001 822 4082 V,
850 4001 1010 4082 est-63)

174 4101 263 4166 Idem
286 4101 437 4167 adnotat:
470 4100 567 4168 »haee
590 4103 698 4168 omnia
720 4123 740 4166 a
762 4102 911 4170 Lucretio
934 4102 986 4168 bic
1008 4104 1129 4189 scripta
1150 4125 1213 4169 non
1236 4125 1309 4172 esse

124 4189 128 4196 ¹
176 4204 380 4270 manifestum
403 4212 468 4286 est,
500 4205 557 4270 sed
579 4227 600 4270 a
628 4207 748 4272 lectore
777 4205 983 4290 philosopho,
1014 4207 1068 4289 qui
1099 4207 1156 4273 boe
1185 4229 1310 4291 quoque

176 4316 365 4389 argumento
381 4309 486 4373 exalio
511 4308 581 4373 ioco
596 4307 765 4393 desumpto
781 4331 847 4374 rem
864 4308 1028 4374 commode
1044 4309 1196 4375 illustrari
1216 4331 1310 4396 posse
