3272 4920
160 435 165 444 ,
286 413 347 481 rso
722 453 766 464 -
813 417 898 500 [τοι]
945 451 989 464 -

287 596 475 680 όικοόοντας
497 610 535 688 τῇ
559 602 757 691 δημηγορίᾳ.
799 596 843 680 ὡς
873 602 909 668 δὲ
932 596 1081 690 τάληθὲς
1104 601 1189 686 ἔχει,
1224 599 1241 668 ό
1266 603 1334 666 καί
1360 603 1429 686 [καί

285 726 347 773 om.
372 706 416 790 M]
450 702 750 794 παλαιότερον
780 705 868 772 αίεί
897 729 937 771 τι
966 704 1276 792 θαυμαζομένη
1312 698 1340 788 [ό
1370 705 1430 770 καὶ

284 806 515 897 παλαιότερον
539 803 591 875 ciel
613 805 878 893 θαυμαζόμενος
892 811 931 894 Β]
957 807 1165 896 Θουκυδίδης
1186 803 1336 892 τοῦνομα
1352 808 1429 874 δαι-

283 908 492 996 μονιώτατος
514 919 580 979 τῶν
603 917 828 1000 συγγραφέων
849 911 887 979 ἒν
908 937 944 979 τε
967 919 1014 999 τῷ
1037 911 1210 1000 ἐπιταφίῳ
1226 913 1284 977 καί
1300 909 1337 978 ἐν
1351 923 1428 990 ταῖς

283 1014 503 1103 δημηγορίαις
518 1023 676 1104 ποιητικῇ
691 1023 879 1102 κατασκευῇ
894 1015 1106 1104 χρησόμενος
1122 1015 1159 1084 ἐν
1174 1016 1315 1093 πολλοῖς
1330 1013 1428 1103 ἐξηλ-

283 1119 362 1198 λαξε
392 1115 454 1205 τὴν
481 1117 662 1208 ἑρμηνείαν
690 1119 739 1198 είς
769 1115 871 1206 όγκον
900 1113 970 1203 ἅμα
1000 1120 1057 1185 καὶ
1090 1115 1220 1203 κόσμον
1248 1113 1428 1202 ὀνομάτων

283 1215 494 1309 ἀηθέστερον
515 1224 592 1288 Fhl.
646 1224 753 1289 Verba
782 1243 867 1307 quae
896 1223 1053 1308 exscripsi
1085 1222 1167 1288 haec
1195 1221 1324 1288 volunt:
1360 1242 1423 1288 uon

284 1323 431 1409 Gorgias,
458 1325 517 1393 sed
531 1325 737 1411 Thucydides
759 1326 882 1412 primns
904 1326 1063 1411 poeticam
1086 1331 1119 1392 et
1135 1324 1294 1411 tropicam
1310 1325 1427 1392 dictio-

283 1447 356 1494 nem
368 1427 503 1494 Athenis
519 1427 677 1494 adhibuit.
707 1427 797 1506 Quae
812 1429 973 1495 sententia
984 1428 1045 1495 etsi
1056 1447 1210 1513 perversa
1221 1433 1307 1494 certo
1318 1433 1426 1494 tamen

283 1530 431 1616 Dionysii
448 1538 508 1598 est.
545 1531 627 1599 Vide
642 1531 811 1615 quomodo.
842 1531 950 1599 Verba
963 1531 1098 1598 laudata
1111 1530 1302 1616 Dionysium
1322 1531 1425 1597 credi-

282 1632 369 1700 disse
384 1634 521 1718 probaut
530 1634 753 1720 Thucydidem
770 1635 916 1719 singulas
931 1654 983 1701 res
996 1633 1115 1717 statim,
1130 1641 1298 1719 postquam
1312 1640 1425 1717 gestae

282 1741 374 1818 sunt,
403 1736 450 1802 ita
472 1737 719 1822 perscripsisse,
749 1746 784 1803 ut
804 1759 889 1804 nuno
912 1739 1078 1822 leguntnr;
1112 1736 1262 1803 nimirum
1285 1737 1424 1820 Gorgias

282 1859 367 1906 anno
383 1843 445 1904 dil
462 1839 607 1906 Athenas
622 1840 720 1925 venit,
747 1861 808 1924 quo
832 1847 974 1926 tempore
996 1839 1140 1906 funebris
1164 1839 1265 1906 oratio
1286 1839 1426 1906 nonnul-

281 1942 396 2027 lasque
411 1941 614 2026 demegoriae
629 1943 757 2010 habitae
772 1944 837 2009 iam
853 1949 954 2009 eraut.
992 1943 1082 2010 ldem
1098 1943 1205 2028 planis
1220 1943 1328 2010 verbis
1343 1942 1425 2010 dicit

281 2066 316 2132 p.
335 2047 442 2112 867εεε
465 2046 631 2113 διετέλεσέ
652 2051 690 2132 γέ
712 2071 765 2112 τοι
787 2044 847 2112 τόν
872 2045 1193 2134 ἑπτακαιεικοσαετῆ
1216 2043 1341 2132 χρόνον
1363 2053 1427 2112 τοῦ

282 2251 322 2330 ἃς
344 2250 452 2336 μόνας
473 2254 634 2319 κατέλιπε
658 2257 816 2339 στρέφων
837 2249 907 2320 δι’νω
938 2253 995 2317 καί
1017 2249 1120 2317 κάτω.
1166 2251 1246 2319 Inde
1276 2251 1425 2335 sequitur

280 2354 469 2423 adverbium
491 2353 721 2442 παλαιότερον
742 2356 917 2441 genuinum
940 2375 1024 2423 esse.
1071 2356 1142 2422 Iam
1170 2355 1231 2422 hoo
1260 2355 1424 2440 sagaciter

280 2457 472 2544 Sylburgins
494 2458 660 2545 perspexit
680 2479 739 2545 pro
767 2460 920 2542 volgatae
950 2458 1088 2526 lectione
1116 2456 1346 2544 παλαιότερον
1369 2451 1427 2524 ἆεί

282 2562 486 2629 scribendum
509 2582 582 2629 esse
605 2559 836 2649 παλαιότερον
862 2561 929 2644 ἔτι,
962 2582 1058 2646 quam
1087 2563 1303 2630 coniecturam
1334 2560 1427 2628 codi-

281 2685 352 2731 cum
368 2673 519 2750 oorrupta
540 2665 634 2733 lectio
657 2664 887 2752 παλαιότερον
909 2663 977 2730 αίεί
998 2688 1031 2730 τι
1059 2663 1137 2748 (αἰεί
1161 2688 1204 2747 τι,
1231 2663 1269 2729 αί
1288 2687 1330 2747 τι,
1358 2663 1420 2748 ἔτι)

280 2767 411 2851 egregie
433 2767 609 2835 confirmat.
656 2769 804 2836 Ceterum
827 2787 867 2834 ex
883 2768 1118 2851 Antiquitatum
1142 2767 1309 2853 exemplis,
1338 2787 1426 2851 qnae

280 2869 370 2934 illam
393 2870 586 2936 locutionem
608 2871 766 2957 Dionysio
792 2871 979 2938 sollemnem
1007 2891 1080 2938 esse
1110 2873 1264 2957 probant,
1297 2871 1426 2938 scribas

281 2972 491 3058 παλαίτερον
518 2970 583 3056 ἔτι,
616 2973 658 3039 cf.
684 2975 723 3039 A.
749 2975 788 3040 R.
814 2974 894 3039 140
923 2994 957 3058 p.
983 2976 1053 3038 4814
1080 2973 1208 3042 Kiessl:
1250 2968 1427 3060 Εὔανδρος

280 3073 317 3141 δὲ
339 3075 549 3162 παλαίτερον
571 3075 623 3143 ἔτι
650 3084 708 3165 της
733 3076 879 3160 Θέμιδος
909 3071 1058 3164 ἀκηκοὼς
1088 3074 1287 3164 διεξιούσης.
1327 3098 1355 3144 c.
1380 3079 1423 3143 88

279 3199 312 3264 p.
341 3183 429 3244 11411
453 3178 514 3267 την
535 3173 665 3268 ἡμέραν
690 3177 816 3268 ταύτην
838 3179 889 3246 ότι
911 3180 1120 3266 παλαίτερον
1149 3177 1187 3246 ἐν
1217 3173 1429 3257 εὐπαθείαις

279 3279 464 3367 διάγοντες.
504 3284 554 3348 ΠΙ
576 3287 613 3348 61
639 3304 672 3368 p.
698 3287 788 3350 solu
823 3284 1033 3369 παλαίτερον
1054 3282 1105 3348 ἔτι
1137 3290 1196 3367 τῆς
1231 3287 1428 3368 Ταρκυνίου

279 3383 478 3461 δυναστείας
509 3385 662 3462 πελέκεις
695 3382 824 3452 δώδεκα
857 3381 926 3472 πρὸ
955 3392 1022 3452 τῶν
1051 3385 1221 3468 βασιλέοιν
1250 3389 1429 3472 φέρεσθαί

209 3513 211 3520 ·
280 3509 398 3576 φασιν.
432 3489 509 3554 VIII
528 3492 567 3554 16
589 3491 726 3574 p.119rr
751 3487 783 3554 oi
806 3485 870 3574 γὰρ
894 3485 1079 3575 ἅνθρωποι
1100 3485 1143 3553 τὰ
1165 3489 1329 3555 πλείστου
1343 3482 1426 3568 όξια

280 3589 570 3675 συσκευασάμενοι
592 3592 802 3679 παλαίτερον
824 3590 874 3658 ἔτι
896 3589 1206 3679 κατεπεφεύγεσαν.

366 3695 435 3760 Iam
465 3716 486 3761 a
515 3695 623 3763 verbis
657 3695 866 3781 παλαίτερον
898 3693 949 3760 ἔτι
980 3694 1260 3781 progredientibus
1293 3693 1334 3761 de
1368 3715 1428 3761 ce·

278 3797 356 3866 teris
388 3797 580 3866 videndum:
615 3797 714 3864 ὃκαλ
744 3799 953 3884 παλαίτερον
975 3795 1025 3863 ’ἐτι
1053 3795 1299 3884 θαυμαζομένη
1333 3799 1427 3863 Θου-

279 3899 416 3988 κυδίδης
448 3897 611 3985 τοίίνομα.
663 3901 895 3968 Ambrosianus
927 3901 1119 3986 particulam
1156 3901 1213 3965 καί
1245 3899 1428 3966 rectissime

278 4003 404 4071 omittit.
452 4004 628 4090 Dionysius
651 4011 736 4071 certe
766 4023 829 4070 non
852 4002 935 4070 dixit
963 4004 1029 4070 vel
1057 4003 1146 4089 prius
1169 4002 1267 4070 etiam
1288 4001 1428 4088 Thucy·

278 4099 389 4174 didem
411 4109 608 4176 celebratum
631 4127 721 4186 esse;
748 4127 809 4174 nec
823 4105 1017 4174 contrarium
1036 4100 1080 4184 ὡς
1095 4106 1158 4190 μὲν
1176 4101 1320 4189 Τίμαιός
1336 4129 1428 4193 φησι

280 4211 470 4296 particulam
499 4215 558 4276 καί
579 4211 708 4298 patitur.
756 4212 928 4298 Perperam
956 4210 1055 4294 igitur
1076 4210 1110 4274 in
1131 4207 1316 4276 Florentino
1338 4208 1424 4277 haec

282 4312 476 4400 interpolata
497 4322 557 4380 est.
597 4313 736 4381 Maxime
751 4333 845 4400 porro
861 4313 994 4379 verbum
1009 4312 1255 4398 θαυμαζομένη
1270 4311 1423 4394 offendit;
