3258 4928
591 418 634 428 -
685 381 765 462 arr]
813 417 856 426 -
1231 380 1295 441 εει

163 597 226 638 stov
249 565 360 638 αὐτῶν
384 569 523 646 ἐκείνοις
538 566 751 654 πράττομεν“
777 565 815 632 τὸ
841 564 962 646 „lello
977 572 1049 632 πᾶν
1064 561 1296 633 τούναντίον“·

163 671 253 762 ἤρκει
275 671 338 760 γὰρ
361 668 473 739 αὐτῶν
498 670 843 760 sternumentum.
888 668 965 757 ἐξῆν
994 693 1029 734 τε
1059 667 1122 755 γὰρ
1151 673 1234 751 μίαν
1264 668 1299 735 ἐκ

162 785 226 846 ἰιῖιν
241 778 334 844 δυεῖν
348 784 491 864 ποιῆσαι
506 775 677 862 περίοδον,
704 777 761 840 καὶ
780 778 1040 860 συντομωτέραν
1055 774 1111 838 καὶ
1127 779 1300 860 χαριεστέ-

164 904 240 966 ραν·
274 886 356 960 „Tic
379 877 442 966 γὰρ
467 874 509 946 ἂν
532 873 681 946 ἄλλοθεν
704 875 862 945 ἐπελθὼν
885 871 945 943 οὐκ
969 871 1011 941 ἂν
1032 881 1220 959 μαίνεσθαι
1241 899 1299 942 νο-

160 991 288 1066 μίσειεν
312 978 412 1071 ἡμᾶς·
440 986 473 1048 οἳ
496 981 772 1070 φιλοτιμούμεθα
795 981 1105 1065 parvissimarum
1120 978 1300 1065 προγόνων

106 1087 109 1098 ’
160 1087 278 1173 ἔργοις,
307 1083 405 1154 οὐδὲν
427 1086 464 1152 δὲ
487 1094 553 1154 τῶν
576 1081 687 1153 αὐτῶν
709 1086 850 1163 ἐκείνοις
866 1081 1098 1172 πράττομεν;“
1123 1084 1299 1170 Dionysius

161 1199 329 1276 postquam
352 1212 378 1258 o.
402 1196 439 1256 tr
463 1191 643 1258 lsoorateae
667 1189 814 1256 dictionis
837 1191 1017 1274 exemplum
1037 1209 1078 1256 ex
1101 1189 1243 1255 oratione
1259 1188 1299 1253 de

159 1315 239 1380 paoe
267 1295 293 1379 (ξ
317 1297 468 1379 41-50)
496 1295 646 1380 protulit,
680 1294 824 1379 proximo
848 1295 952 1378 eapite
974 1314 1046 1360 enm
1069 1293 1204 1358 virtutes
1228 1292 1298 1358 eius

159 1407 225 1464 tum
248 1399 328 1464 vitia
350 1407 526 1464 enumerat.
574 1399 663 1464 Haeo
686 1406 722 1464 nt
742 1398 890 1480 illustret,
916 1397 948 1462 in
972 1397 1076 1482 prima
1099 1396 1206 1462 statim
1225 1416 1301 1462 sen-

160 1502 260 1568 tentia
295 1502 320 1586 lb
345 1503 394 1580 ll}
429 1501 479 1568 bis
509 1509 598 1569 terve
626 1502 713 1568 idem
742 1501 861 1567 dietum
891 1520 962 1568 esse
993 1499 1132 1566 ostendit
1165 1501 1203 1582 (o.
1232 1501 1295 1582 19).

162 1607 256 1672 Ratio
279 1612 387 1674 autem
411 1605 571 1692 probandi
593 1605 675 1672 haee
697 1612 763 1686 est,
796 1613 832 1671 nt
853 1605 887 1670 in
908 1605 1067 1689 prioribus
1090 1604 1169 1670 eolis
1191 1609 1300 1688 poste-

162 1711 245 1774 riora
268 1710 377 1776 inesse
400 1709 614 1790 demonstret;
641 1709 727 1793 qnod
749 1729 820 1776 oum
839 1708 927 1792 dioit,
954 1729 992 1775 eo
1014 1709 1086 1794 ipso
1108 1707 1299 1776 sententiam

159 1821 281 1880 antam
305 1814 421 1880 inillis
444 1814 578 1881 eandem
603 1834 677 1881 esse
700 1813 869 1898 signifieat,
896 1833 959 1880 non
983 1815 1112 1880 verbnm
1130 1812 1227 1880 verbo
1249 1832 1300 1878 re-

160 1917 329 2002 spondere.
377 1919 489 1985 Priora
517 1919 579 1984 tria
608 1919 679 1984 oola
706 1919 881 1986 enuntiatis
911 1918 1095 1985 causalibus
1128 1915 1296 1984 liniuntur:

160 2018 300 2104 δυνάμει
323 2017 386 2104 γὰρ
404 2017 507 2108 ἄμφω
531 2015 649 2101 ταύτάρ
675 2019 713 2086 τὸ
730 2018 793 2106 γὰρ
810 2016 891 2086 αὐτὸ
910 2023 1170 2107 φιλοτιμεῖσθαί
1192 2020 1299 2086 τεκαὶ

161 2122 324 2200 ἐπαινεῖν,
354 2117 445 2208 ἤρκει
468 2120 531 2207 γὰρ
554 2118 666 2190 αὐτῶν
688 2122 850 2210 εἰρῆσθαι
871 2121 1043 2209 Serapam·
1066 2143 1199 2206 quorum
1222 2142 1299 2187 oon-

160 2224 244 2290 dioio
258 2244 389 2309 prorsus
401 2225 530 2292 diversa
545 2233 605 2291 est.
639 2227 723 2291 Nam
739 2245 810 2290 oum
827 2226 936 2310 priora
950 2225 993 2290 ad
1007 2225 1137 2309 singula
1151 2224 1300 2308 exempla

160 2327 304 2412 proxime
319 2327 545 2412 praecedentia
567 2327 753 2413 respiciant,
779 2328 908 2394 tertium
930 2323 1024 2415 ἤρκει
1046 2323 1110 2413 γὰρ
1127 2320 1237 2392 αὐτῶν
1252 2324 1299 2390 εἰ·

160 2435 289 2517 ρῆοθαι
304 2427 454 2515 θάτερον
475 2430 642 2497 adomnia
663 2432 725 2496 tria
741 2433 890 2518 exempla
910 2431 1065 2516 pertinet;
1091 2430 1240 2496 nimirum
1259 2449 1299 2496 ex

159 2545 207 2600 ter
224 2535 308 2600 binis
325 2534 403 2600 eolis
419 2541 468 2600 ter
483 2535 613 2618 singula
635 2555 752 2619 ponere
774 2542 826 2601 sat
841 2543 920 2601 erat.
968 2537 1058 2601 Haeo
1080 2555 1114 2601 re
1130 2553 1206 2600 vera
1220 2533 1300 2598 Dio-

159 2637 287 2721 nysium
309 2637 453 2721 intellegi
469 2638 610 2706 voluisse
626 2639 741 2723 probat
755 2638 916 2724 periodus,
942 2639 1069 2721 qualem
1085 2638 1243 2703 Isocrates
1259 2657 1299 2701 ex

160 2742 228 2806 eius
245 2741 404 2807 sententia
420 2741 556 2807 formare
573 2741 727 2808 debebat:
757 2747 817 2818 Τις
838 2739 901 2828 γὰρ
919 2738 960 2808 ἂν
977 2737 1126 2807 ἄλλοθεν
1142 2737 1301 2806 ἐπελθὼν

159 2838 218 2908 υἷα
237 2837 279 2908 ἂν
293 2847 482 2925 μαίνεσθαι
496 2849 668 2927 νομίσειεν
691 2837 787 2932 ἡμᾶς,
814 2847 847 2910 οἳ
864 2843 1140 2932 φιλοτιμούμεθα
1162 2843 1226 2926 μὲν
1241 2841 1299 2908 ἐπὶ

161 2958 230 3022 τοῖς
259 2952 325 3012 τῶν
355 2945 537 3031 προγόνων
564 2946 690 3033 ἔργοις,
731 2943 830 3015 οὐδὲν
859 2949 894 3014 δὲ
925 2955 991 3014 nov
1021 2943 1131 3014 αὐτῶν
1160 2945 1299 3021 ἐκείνοις

161 3047 372 3135 πράττομεν;
421 3051 565 3117 Tertium
587 3051 685 3134 iffl‘tur
700 3053 898 3118 enuntiatum
922 3046 1016 3140 ἤρκει
1038 3048 1100 3138 γὰρ
1120 3051 1189 3114 κτλ.
1224 3049 1299 3132 quia
1364 3133 1367 3142 y

160 3173 291 3220 eausam
306 3154 409 3237 affert,
436 3174 494 3220 onr
514 3154 547 3220 in
571 3154 672 3221 tribus
695 3155 760 3222 illis
783 3157 934 3222 Isocratis
958 3155 1036 3222 eolis
1051 3152 1228 3237 tautologia
1248 3173 1300 3219 re-

161 3257 321 3342 prehensa
342 3259 394 3338 sit,
421 3259 503 3324 alias
519 3259 666 3325 causales
685 3259 861 3324 sententias
878 3259 1035 3344 prioribus
1051 3258 1207 3343 exemplis
1223 3256 1298 3322 addi

159 3363 288 3428 omnino
312 3383 374 3428 non
397 3363 526 3447 patitur,
553 3381 615 3446 quo
631 3363 738 3447 priora
753 3361 816 3427 duo
832 3362 976 3428 eiusdem
991 3362 1117 3446 generis
1134 3360 1299 3428 enuntiata

159 3465 193 3528 in
207 3465 432 3548 gravissimam
449 3465 663 3550 suspicionem
676 3471 840 3530 vooantnr.
873 3465 978 3549 Atque
994 3465 1034 3530 rie
1049 3464 1101 3530 his
1116 3465 1181 3530 iarn
1197 3463 1299 3548 dispi-

158 3566 296 3648 ciamus,
328 3575 360 3632 et
383 3569 472 3652 prius
495 3569 534 3633 de
558 3567 697 3633 seeundo
725 3563 849 3653 τὸγὰρ
873 3563 955 3634 αὐτὸ
981 3569 1240 3654 φιλοτιμεῖσθαί
1261 3589 1296 3630 τε

159 3671 216 3734 καὶ
240 3668 404 3735 ἐπαινεῖν.
448 3671 536 3736 Haeo
551 3679 636 3738 oerte
653 3670 801 3755 Dionysii
823 3692 886 3737 non
909 3679 993 3738 sunt.
1036 3672 1297 3752 Φιλοτιμεῑοθαι

159 3774 245 3838 enim
262 3794 353 3839 nemo
376 3794 514 3858 unquam
538 3773 623 3840 idern
640 3794 713 3840 esse
728 3774 828 3841 voluit
842 3783 938 3856 atque
955 3773 1118 3840 ἐπαινεῖν.
1166 3775 1298 3838 Veteres

160 3877 275 3942 audias
292 3879 319 3943 si
334 3879 414 3943 tanti
431 3886 480 3944 est
494 3879 695 3964 interpretes,
723 3896 856 3960 quorum
872 3877 1055 3962 Hesychius
1071 3879 1134 3942 ita:
1162 3877 1298 3942 Φιλοτι-

160 3992 287 4062 μεῑται·
320 3977 450 4064 μεγάλα
474 3993 612 4066 φρονεῖ,
646 3979 840 4064 ἐπαίρεται,
874 3981 1029 4062 πλουτεῖ,
1063 3979 1196 4045 Photius
1225 4000 1297 4044 oum

161 4084 261 4150 §uitia
294 4085 361 4150 ita:
404 4086 659 4167 Ψιλοτιμεῑται·
700 4081 997 4167 ε’πιόαφιλεύεται,
1034 4083 1292 4169 μεγαλοφρονεῑ,

161 4185 362 4268 σπουδάζει,
398 4182 525 4272 ἀγαπᾷ.
573 4189 643 4252 lum
669 4187 761 4266 vide,
788 4208 924 4270 quaeso,
958 4209 1053 4272 quam
1074 4195 1194 4254 temere
1217 4187 1298 4253 haee

160 4291 352 4376 interpolata
376 4291 449 4356 sint.
498 4291 732 4357 Grammaticus
755 4291 863 4357 neseio
887 4291 956 4375 quis
973 4291 1141 4356 verborum
1166 4312 1298 4375 rospon-

1043 4415 1090 4463 to·
