3262 4926
710 400 1009 462 «34-

324 591 395 656 loeo
418 587 579 654 differunt.
626 585 719 664 Quod
740 585 914 652 discrimen
936 586 1094 652 latissime
1113 592 1212 671 patet.
1252 587 1365 671 Neque
1383 589 1476 654 enim

325 692 405 759 liaeo
420 699 536 777 poetae
550 690 711 757 sententia
727 696 786 766 est,
805 708 901 772 quam
917 697 1028 756 nostra
1044 690 1158 774 lingua
1174 690 1221 756 sio
1236 689 1468 775 exprimimus:

325 793 429 860 »deun
457 792 584 860 obwohl
610 793 664 859 ielr
694 792 747 858 die
778 793 882 858 Natur
911 792 969 858 der
997 791 1173 878 primordia
1201 792 1292 859 nieht
1321 793 1470 861 kenneu:

325 897 445 983 quippe
468 897 522 980 qui
545 915 644 981 saepe
667 896 822 980 glorietur
844 915 941 961 unum
964 916 1001 962 se
1022 915 1095 962 esse
1111 896 1233 962 exiliis
1254 897 1469 982 sapientibus,

325 1001 381 1084 qui
402 1009 550 1067 naturam
574 1019 694 1081 eornm,
722 1000 755 1064 in
777 999 894 1081 quibus
918 1000 1021 1066 omnis
1042 1019 1149 1066 rernm
1172 1000 1308 1066 seientia
1330 991 1392 1066 sita
1413 1002 1468 1081 sit,

325 1103 563 1189 perspexerint!
591 1101 686 1180 Quod
701 1102 854 1168 onmium
871 1110 968 1182 antea
978 1103 1043 1168 'viri
1054 1101 1140 1170 dooti
1156 1103 1345 1184 sensissent,
1364 1104 1471 1188 signi-

325 1206 525 1273 ficantiorem
548 1225 621 1272 eom
643 1205 851 1272 mutationem
874 1212 1071 1290 putaverunt
1091 1226 1188 1290 quem
1208 1225 1290 1289 qnae
1305 1207 1471 1292 adipsum

325 1315 454 1394 poetam
478 1329 542 1375 non
564 1316 651 1375 esset
673 1307 854 1374 referenda.
900 1310 943 1374 At
965 1307 1043 1392 quid
1062 1307 1268 1393 significaret,
1287 1330 1350 1377 non
1366 1310 1473 1377 adno-

325 1419 483 1479 taverunt.
509 1412 657 1478 Proseeto
672 1410 896 1478 desideramus
911 1431 983 1478 eum
999 1429 1140 1496 sensum,
1159 1413 1215 1496 qui
1227 1414 1267 1492 V,
1285 1417 1345 1478 195
1361 1415 1471 1480 verbis

341 1567 342 1572 1
413 1567 415 1572 .
457 1515 569 1600 quodsi
589 1515 652 1580 ium
673 1535 782 1580 rerum
804 1515 944 1598 ipuorem
960 1515 1142 1598 primordia
1165 1539 1244 1600 quae
1265 1515 1341 1595 siut,

326 1617 478 1685 efficitur:
512 1619 636 1684 »selbst
658 1617 710 1682 litr
731 1618 794 1684 den
818 1617 909 1700 Fall,
935 1617 1013 1684 dass
1035 1617 1087 1684 ioh
1109 1619 1198 1685 nieht
1219 1627 1359 1700 wltsste,
1386 1622 1469 1687 wel-

327 1722 405 1788 ohes
428 1721 481 1787 die
504 1721 608 1786 Natur
630 1719 687 1786 der
710 1720 885 1807 primordie
914 1720 993 1786 seia.
1042 1720 1136 1799 Quod
1162 1742 1234 1788 eum
1262 1722 1469 1807 intellegeret

325 1824 500 1910 Briegerns
533 1824 692 1908 [Bursian.
717 1823 902 1890 Jahresber.
932 1826 1031 1906 1876,
1057 1825 1120 1890 rol.
1148 1825 1206 1906 VI,
1238 1846 1291 1911 pg.
1322 1829 1405 1911 164),
1434 1835 1470 1892 ut

327 1928 409 1994 hene
438 1927 705 2012 significationem
734 1927 768 1992 in
799 1926 940 2012 quamuis
967 1928 1075 1994 inesse
1101 1947 1198 2012 posse
1220 1928 1465 2008 demonstraret,

325 2031 432 2097 attulit
447 2031 514 2098 cie.
537 2031 580 2096 ad
594 2033 661 2096 Au.
687 2033 737 2108 12,
757 2033 808 2112 37,
836 2033 870 2094 2:
899 2031 1043 2116 quamuis
1052 2032 1195 2114 prudeus
1210 2032 1255 2095 ad
1267 2032 1467 2117 copitundum

324 2135 378 2215 eis,
405 2135 487 2199 sieut
508 2157 550 2212 es,
571 2143 692 2212 'tamem
717 2133 781 2198 uisi
800 2155 931 2217 mupuue
953 2155 1047 2198 curae
1070 2133 1130 2197 uos·
1149 2142 1240 2210 osset,
1265 2143 1301 2200 ut
1319 2159 1375 2221 epo
1390 2159 1466 2200 oon·

325 2261 471 2323 sequerer
485 2238 531 2317 id,
556 2239 641 2323 quod
653 2259 842 2320 mapuopere
857 2236 978 2313 uellem,
1003 2259 1172 2322 numquam
1187 2260 1224 2301 eu
1239 2260 1290 2302 res
1306 2247 1370 2303 tom
1385 2240 1466 2304 delle

325 2341 359 2404 iu
373 2349 505 2405 mentem
522 2341 626 2404 uenire
634 2339 802 2424 potuisset.
842 2340 885 2404 At
901 2339 1023 2418 (licere,
1050 2361 1121 2406 oum
1138 2341 1216 2406 dicit
1231 2343 1372 2425 quomens
1381 2365 1467 2426 pru-

326 2445 402 2508 deus
417 2442 470 2518 sis,
490 2443 525 2508 id
540 2450 627 2509 eerte
644 2442 749 2522 sumit,
776 2441 916 2507 Atticum
939 2461 1012 2507 esse
1035 2441 1234 2526 prudentem,
1260 2443 1346 2526 quod
1362 2451 1395 2509 et
1409 2465 1470 2530 per

325 2566 361 2613 se
377 2547 499 2614 elatum
514 2553 612 2613 estet
627 2564 667 2611 ex
678 2545 784 2611 verbis
799 2544 881 2608 deut
895 2567 927 2608 es
941 2545 1149 2628 intellegitur.
1175 2544 1228 2611 Ad
1239 2545 1468 2614 Lueretiannm

325 2650 429 2714 locum
454 2648 483 2714 si
512 2649 547 2714 id
574 2666 781 2729 revocamus,
813 2647 912 2727 illud,
934 2645 1036 2729 ·quod
1068 2647 1171 2713 noluit
1197 2647 1386 2732 Briegerus‚
1423 2655 1469 2716 ait

326 2758 441 2837 poeta:
470 2771 505 2817 se
526 2751 685 2834 ignorare,
712 2769 796 2833 quae
818 2749 994 2834 primordia
1016 2750 1092 2816 sint.
1139 2749 1208 2834 Ego
1223 2769 1298 2817 vero
1313 2752 1384 2837 ipse
1398 2773 1470 2819 om·

296 2855 421 2920 'nibus
455 2854 535 2920 loeis
566 2853 722 2919 Plautinis
752 2853 955 2919 Terentianis
983 2853 1158 2919 Lucilianis
1189 2855 1375 2939 perpensis,
1413 2859 1470 2923 nbi

330 3063 395 3147 [ad.
422 3082 477 3148 pg.
504 3064 556 3146 35]
754 3015 857 3142 lLuer.
885 3061 940 3126 lib.
966 3061 1038 3142 HI.)

361 3165 410 3216 784
430 3163 542 3234 denique
560 3164 593 3219 u'n
612 3164 833 3218 aethereorum
851 3165 970 3227 arbor,
990 3181 1055 3216 non
1073 3181 1220 3232 aequore
1237 3165 1331 3218 soleo

430 3241 534 3295 nuder
552 3260 621 3296 esse
640 3245 779 3310 queunt,
800 3239 991 3308 ueepisees
1010 3241 1124 3294 uiuere
1142 3241 1176 3294 s'u
1194 3241 1299 3306 urur'r,

430 3337 488 3372 nee
506 3337 607 3372 cruor
626 3319 659 3371 in
679 3317 790 3386 liquis
808 3319 1030 3387 nequeuntis
1048 3335 1150 3372 sucus
1169 3318 1290 3372 inesse.

430 3401 559 3450 eertum
577 3413 615 3448 ae
632 3396 877 3464 dispositumst
895 3395 954 3449 uui
970 3397 1128 3466 quicquit
1145 3403 1279 3451 creseat
1298 3403 1327 3450 et
1344 3399 1439 3453 insit.

430 3475 482 3529 sio
500 3475 610 3528 animi
625 3481 756 3528 nutura
775 3473 896 3543 nequit
913 3475 987 3528 siue
1005 3491 1146 3544 corpore
1164 3473 1256 3528 ora'rr‘

429 3553 505 3607 solu
523 3571 630 3622 usque
648 3570 665 3605 a
683 3551 801 3605 neruis
819 3556 850 3604 et
867 3551 1036 3622 sanquine
1055 3551 1210 3622 loupiter
1227 3570 1308 3606 ease.

362 3633 411 3682 too
430 3629 512 3700 quid
527 3631 689 3699 siposset
708 3627 814 3680 enim?
834 3627 938 3680 multo
953 3629 1054 3697 prius
1072 3628 1150 3696 ipsa
1168 3631 1277 3682 animi
1293 3629 1346 3682 ot'a

429 3708 463 3760 iu
482 3707 596 3778 eapite
614 3704 816 3760 autumaris
835 3703 990 3758 autimis
1009 3703 1165 3758 culcibus
1183 3721 1254 3759 erae

425 3788 558 3854 posset,
579 3789 610 3836 et
627 3783 769 3836 innasci
786 3782 910 3852 quavis
927 3783 1079 3852 inportu
1095 3783 1225 3838 soleret

430 3861 564 3914 tandem
583 3860 617 3914 t'rt
634 3862 747 3914 eodem
765 3860 895 3914 domiue
913 3865 1015 3929 utque
1034 3859 1068 3914 u'n
1086 3860 1199 3913 eodem
1217 3877 1296 3914 vaso
1320 3877 1472 3916 manera.

431 3938 693 4008 quodquoniam
711 3943 830 3990 nostro
850 3955 977 4007 quoque
996 3943 1134 3990 constat
1152 3954 1296 4007 corpore
1321 3945 1474 4004 certum,

361 4016 412 4068 795
430 4014 707 4085 dispositumque
724 4015 865 4068 uidetur
883 4012 940 4066 ubi
957 4032 1027 4068 esse
1046 4020 1078 4067 et
1096 4031 1251 4068 erescere
1265 4015 1384 4083 possit

430 4093 687 4146 sorsumuuu'mo
702 4097 806 4162 utque
823 4091 972 4156 undosus,
992 4095 1089 4145 tauto
1107 4091 1216 4161 mapis
1235 4090 1479 4161 infitiandum

430 4177 535 4225 totum
550 4190 650 4243 posse
669 4177 768 4225 extra
787 4187 914 4240 eorpus
933 4169 1031 4222 durare
1048 4168 1169 4238 petrique.
1397 4175 1402 4186 ‘
