3262 4926
824 383 1035 447 ..78-

360 568 601 651 Lachmannus,
633 590 705 635 cum
736 573 816 636 1327
846 570 988 656 recipere
1018 572 1142 650 mallet,
1172 572 1226 654 qui
1248 570 1373 637 fectum
1397 570 1457 648 sit,
1485 575 1522 634 ut

363 673 444 740 alter
466 673 500 738 in
522 681 644 740 textum
667 674 831 758 irreperet,
856 694 922 740 non
943 673 1120 742 adnotavit.
1166 675 1273 740 Unum
1296 681 1427 740 certum
1450 685 1519 750 est,

360 775 401 842 de
424 775 642 861 dittographiu
663 775 798 859 cogitari
822 776 876 842 rix
900 795 1005 861 posse,
1024 777 1173 860 quonium
1196 777 1254 844 illa
1276 776 1428 856 mutatio,
1448 797 1520 859 qna

361 879 444 946 aiter
465 898 579 946 versus
600 878 736 962 insignis
759 887 822 954 est,
853 878 936 945 torto
964 886 1034 947 orta
1063 899 1136 948 esse
1166 880 1288 962 nequit.
1336 880 1458 962 Neque
1481 879 1518 943 id

359 983 528 1066 quisquam
557 982 701 1066 negabit,
725 982 752 1048 si
784 983 920 1048 alterum
949 1001 1077 1049 versum
1103 984 1341 1057 Lucretianum,
1367 982 1516 1048 alterum

359 1085 400 1149 ab
429 1083 493 1150 elio
521 1083 649 1150 homine
679 1083 823 1150 additum
853 1103 925 1151 osse
955 1105 1130 1166 sumemus,
1162 1104 1289 1152 versum
1319 1087 1403 1150 1327
1436 1105 1515 1150 cnm

360 1186 567 1253 Lachmanno
596 1186 842 1272 praeferendum
879 1205 964 1254 esse.
1025 1187 1120 1266 Quod
1152 1208 1223 1255 cum
1252 1188 1309 1256 illo
1342 1186 1515 1254 Aeneidos

358 1308 452 1357 versu
480 1291 531 1373 (X,
558 1292 645 1374 731),
672 1309 766 1372 quem
789 1290 955 1358 Bentleius
976 1291 1093 1371 ebulit,

1028 1401 1060 1459 et
1081 1395 1219 1459 calcibus
1240 1403 1347 1458 utrum

479 1496 583 1560 tundit
603 1495 731 1560 tamum
753 1497 903 1580 expirans
925 1497 1127 1583 infractaque
1150 1499 1211 1562 telo
1234 1505 1392 1561 mucetut.

360 1608 426 1665 tum
450 1619 488 1665 eo
510 1598 650 1666 maxime
673 1601 836 1685 probatur,
862 1599 1048 1684 quod1328
1072 1601 1213 1684 quidem,
1237 1607 1272 1667 ut
1294 1601 1396 1666 verbe
1417 1600 1509 1665 diln-

261 1700 262 1704 ’
361 1701 482 1767 oidiora
505 1709 622 1780 essent,
657 1723 714 1787 pro
740 1705 822 1766 1327
845 1703 968 1788 positus
991 1723 1064 1770 esse
1086 1710 1202 1789 potest,
1232 1706 1313 1768 1327
1338 1724 1397 1788 pro
1423 1707 1507 1768 ists

358 1823 421 1870 non
449 1804 538 1870 item.
590 1803 656 1870 Sed
684 1805 844 1882 concedo,
874 1806 901 1872 si
930 1806 1002 1889 quis
1032 1805 1084 1872 bic
1114 1806 1288 1890 vestigium
1318 1805 1455 1871 ulterius
1484 1827 1506 1870 a

358 1913 454 1991 poeta
476 1907 547 1992 ipso
570 1907 675 1974 fectae
699 1907 895 1974 recensionis
918 1917 1047 1975 exstare
1070 1915 1191 1975 statuet
1212 1917 1341 1976 secutus
1357 1908 1505 1992 Briegeti

358 2019 391 2076 et
412 2011 599 2078 Susemihlii
628 2011 793 2093 nationem,
827 2013 881 2096 qui
908 2012 941 2077 in
963 2011 1240 2096 disqmsitionibns
1262 2012 1431 2095 Philologo
1454 2011 1505 2077 in-

359 2115 452 2180 sertis
481 2115 639 2180 eiusmodi
660 2115 800 2199 vestigia
827 2115 1066 2198 conquirebant,
1093 2137 1165 2182 enm
1189 2115 1382 2182 sententiam
1405 2136 1505 2199 argn-

359 2219 476 2284 mentis
492 2239 544 2285 me
558 2219 748 2303 impugnare
763 2239 827 2285 non
843 2239 949 2304 posse.
981 2219 1052 2304 Ego
1064 2218 1285 2286 bancillorum
1297 2219 1503 2285 doctissimo-

358 2341 426 2386 rum
449 2320 613 2387 hominum
636 2321 853 2390 coniecturam
876 2322 1004 2389 omnino
1027 2342 1091 2388 non
1106 2323 1207 2408 probo
1229 2329 1262 2388 ct
1283 2344 1348 2390 uno
1371 2322 1501 2406 quidem

357 2425 427 2491 loco
455 2425 519 2507 (IV,
546 2430 586 2489 45
603 2430 686 2510 sqq.)
713 2445 840 2492 errasse
863 2426 1048 2510 Briegerum
1073 2425 1254 2492 ostendisse
1276 2424 1355 2492 mihi
1377 2425 1498 2492 videor.

359 2529 428 2595 Hoc
449 2548 526 2594 vero
549 2529 618 2595 loeo
641 2529 709 2594 veri
732 2528 869 2596 similius
885 2530 979 2607 duco,
1003 2529 1095 2595 illum
1117 2528 1364 2620 grammaticum
1387 2539 1502 2614 poetae

358 2631 458 2698 verba
480 2631 665 2697 obscuriora
682 2638 789 2697 retum
812 2631 957 2698 carmine
971 2631 1145 2698 emendare
1160 2631 1333 2711 studuisse,
1357 2651 1431 2697 eum
1446 2653 1503 2716 pro

359 2735 501 2820 effracto
516 2734 669 2800 scriberet
690 2734 725 2798 in
746 2756 779 2798 se
792 2733 921 2818 fracta,
948 2754 1010 2816 qno
1032 2733 1129 2817 facto,
1155 2755 1196 2802 ne
1219 2741 1355 2802 mebum
1378 2735 1502 2801 olandi-

359 2844 456 2915 caret,
483 2843 608 2904 ceteros
630 2837 824 2903 mutationes
847 2837 933 2903 fecit.
958 2875 1002 2886 —

670 2941 723 3016 Vl,
752 2942 878 3005 est-5
908 2943 959 3024 (=
974 2941 1029 3024 VI,
1049 2943 1180 3025 87—9).

446 3043 684 3121 Lochmonnus,
708 3061 781 3109 cnm
804 3043 838 3109 in
859 3043 1004 3110 versibus
1027 3043 1087 3118 VI,
1114 3045 1219 3109 ss-9
1244 3043 1502 3128 contemplandis

359 3165 425 3226 eos,
452 3146 506 3230 qui
528 3146 684 3232 deinceps
707 3153 892 3230 sequuntur,

529 3271 660 3334 qnorum
682 3272 811 3333 operum
833 3271 945 3315 caucos
966 3251 1057 3314 nullo
1080 3249 1203 3315 ratione
1225 3249 1331 3315 ue'ciere

522 3362 657 3435 poscunt
678 3375 716 3418 uc
725 3352 810 3437 fieri
829 3353 935 3417 diuino
957 3354 1082 3418 rumine
1098 3364 1207 3419 remur

358 3461 532 3540 spectaret,
562 3455 648 3539 quod
676 3457 772 3522 alteri
800 3454 862 3522 nisi
898 3457 1008 3523 ulteris
1038 3457 1177 3523 exclusis
1206 3457 1240 3521 in
1269 3454 1500 3522 sententiarum
1609 3472 1610 3539 j

355 3575 480 3624 conexu
503 3557 578 3624 ferri
600 3579 665 3624 non
686 3567 831 3644 possunt,
858 3559 1051 3640 Lucretium,
1076 3577 1150 3626 cum
1173 3559 1277 3644 primo
1298 3559 1420 3644 impetu
1442 3557 1499 3622 bos

356 3661 496 3745 quinque
531 3681 644 3728 versus
676 3662 876 3748 scripsisset,
915 3669 1124 3748 posteaquem
1159 3681 1215 3729 eos
1252 3680 1354 3746 prope
1389 3680 1499 3726 omnes

356 3764 475 3831 maiore
498 3765 596 3830 etium
618 3765 650 3830 vi
678 3771 711 3830 et
740 3765 857 3832 effectu
880 3765 945 3831 ulio
967 3765 1037 3830 loco
1060 3765 1136 3849 poni
1157 3783 1252 3850 posse
1273 3763 1421 3842 vidisset,
1448 3763 1499 3829 bic

355 3867 403 3933 eis
430 3867 511 3934 dnos
539 3869 621 3935 ulios
649 3887 750 3952 aeque
779 3874 873 3953 aptos
904 3867 1106 3935 substituisse
1137 3888 1178 3934 ex
1207 3867 1288 3933 libro
1320 3868 1351 3946 l,
1382 3868 1453 3930 153.
1477 3873 1496 3928 4

355 3971 508 4055 repetitos
537 3970 671 4038 censuit.
731 3973 768 4037 ln
797 3991 862 4056 qun
885 3971 980 4037 huius
1002 3970 1180 4038 iterationis
1201 3969 1416 4056 explicatione
1439 3990 1499 4052 ego

356 4075 483 4158 quidem
508 4076 713 4158 acquiescere
736 4083 891 4161 poteram,
917 4075 972 4159 qui
995 4075 1178 4142 Lucretium
1203 4074 1271 4142 iere
1291 4074 1334 4140 eb
1356 4073 1497 4139 iteratio·

356 4179 450 4244 nibus
473 4179 667 4246 abstinuisse
690 4199 787 4262 quam
802 4178 941 4246 maxime
956 4177 1156 4263 probandum
1171 4177 1249 4243 mihi
1264 4177 1493 4262 proposuerim.

356 4281 467 4362 Neque
489 4281 575 4346 enim
597 4281 631 4346 id
654 4281 829 4348 concedere
851 4289 978 4348 coactus
1003 4281 1074 4364 sim,
1099 4281 1204 4364 ipsum
1220 4280 1404 4346 Lucretium
1426 4299 1497 4344 ven—
