3304 4928
713 481 719 494 ι
772 423 811 432 -
859 383 954 470 [ιω]
1003 423 1043 432 -

496 579 560 644 783
584 581 773 664 φροντίζεις
795 581 932 644 Μ-ΓΘΔ
956 603 1013 663 pro
1036 582 1218 664 φροντίζει,

496 688 561 751 814
587 685 720 772 ἐποίησε
744 690 793 750 M·
802 687 915 752 thr-A
939 709 996 770 pro
1020 687 1185 773 ἐποίησεν.
1211 725 1252 734 —-

425 883 492 948 Neo
514 883 629 948 desunt
651 883 712 948 loci
735 882 895 959 nonnulli,
922 883 1036 968 quibus
1059 882 1195 948 Suidas
1218 882 1320 948 solus
1348 884 1480 966 gonui-

337 1013 419 1055 nam
446 990 673 1074 scripturam
701 991 846 1066 seruarit,
869 991 1095 1055 Ambrosianus
1119 1011 1194 1056 uero
1223 1011 1379 1056 unacum
1402 989 1479 1054 reli-

337 1099 407 1181 quis
429 1095 520 1162 libris
543 1097 764 1180 manuscriptis
786 1097 901 1162 leniter
923 1095 1129 1174 aberrancrit,
1152 1098 1241 1163 uelut

426 1227 454 1268 v.
487 1203 552 1268 254
585 1199 739 1287 ἔφευγεν,
776 1205 859 1288 quod
892 1211 1026 1268 metrum
1058 1203 1195 1288 flagitat,
1232 1205 1317 1288 apud
1349 1203 1480 1270 Suidam

336 1311 489 1395 reperies,
526 1332 595 1376 cum
627 1313 668 1374 M
699 1331 762 1374 nna
793 1331 863 1374 cnm
898 1311 1029 1393 reliquis
1065 1311 1207 1377 codicum
1240 1311 1368 1376 familiis
1399 1310 1480 1376 salso

338 1414 460 1502 ἔφυγεν
483 1424 647 1482 σκοταίου]
671 1417 795 1482 habeat.

426 1524 506 1588 Turn
543 1546 571 1588 v.
605 1524 670 1590 278
702 1524 816 1590 Suidas
852 1546 923 1589 cum
955 1525 1074 1590 scholio
1112 1525 1171 1590 Va
1202 1525 1391 1609 ἐνδείκνυμι
1423 1528 1481 1591 καὶ

338 1632 461 1712 φαίνω·
486 1627 695 1696 ἐνδεικνύναι
719 1629 754 1695 δὲ
779 1626 893 1714 ἔλεγον
915 1622 955 1696 τὸ
979 1629 1213 1716 καταγγέλλειν
1236 1624 1312 1697 τινὰ
1335 1654 1478 1716 κακοορ·

337 1743 463 1820 γοῦντα
484 1739 562 1820 περὶ
584 1732 626 1802 τὰ
649 1732 748 1804 κοινά
771 1760 880 1803 uocem
907 1736 1096 1822 ἐνδείκνυμι
1119 1745 1205 1806 recte
1228 1741 1373 1815 retinuit,
1396 1741 1480 1804 unde

291 1856 294 1863 '
337 1844 498 1929 profectus
516 1837 699 1929 ’νδείκνυμι
722 1843 904 1910 Dindorfius
926 1868 984 1929 pro
1008 1846 1142 1930 simplici
1166 1847 1316 1930 δείκνυμι
1339 1848 1481 1912 codicum

339 1951 544 2036 Aristophani
566 1952 714 2018 restituit

426 2078 453 2123 v.
480 2060 545 2124 292
573 2051 833 2144 ἀσκαρδαμυκτί,
864 2082 959 2143 qnam
986 2059 1119 2124 formam
1150 2061 1242 2125 unice
1275 2081 1380 2125 ueram
1412 2080 1481 2125 esse

339 2165 446 2232 docuit
464 2165 677 2249 Goettlingins
686 2167 722 2254 ¹),
745 2165 922 2232 Meinekins
940 2166 1146 2251 Aristophani
1168 2167 1323 2244 restituit,
1348 2166 1481 2232 eandem

338 2271 451 2338 Suidas
474 2295 497 2338 s.
520 2274 560 2358 gl.
584 2267 844 2364 Ῐίσκαρδαμυκγί
868 2274 1021 2350 seruauit,
1049 2275 1172 2339 codices
1195 2266 1482 2358 α’σκαρδαμύκτως

339 2382 462 2445 mem
494 2373 769 2465 ἀσκαρδάμυκτος
797 2380 924 2446 mm
960 2403 1019 2446 sec.
1036 2385 1068 2446 Γ
1096 2403 1155 2446 sec.
1169 2382 1235 2447 ΔΡ
1267 2381 1370 2446 minus
1401 2380 1482 2446 bene

339 2494 501 2554 exaratum
523 2487 650 2553 habent.
1490 2524 1491 2533 κ

427 2617 454 2660 v.
472 2595 535 2660 991
557 2599 671 2676 λαβεῖν
685 2595 802 2661 Suidac
821 2595 1062 2680 praeferendum
1081 2601 1130 2661 cst
1147 2595 1216 2660 uoci
1234 2600 1368 2680 μαθεῖν,
1387 2617 1481 2678 quam

296 2781 299 2794 Ι
339 2703 372 2768 in
400 2702 544 2768 omnibns
572 2702 732 2768 codicibus
760 2724 799 2767 ex
824 2725 902 2768 uoce
933 2706 1056 2787 μαθεῖν
1085 2723 1194 2768 uorsus
1221 2703 1286 2767 995
1319 2703 1482 2786 irrepsisse

340 2811 463 2874 monuit
493 2811 665 2885 Pcrsonns;
701 2810 783 2876 bano
814 2809 930 2876 Snidac
967 2811 1155 2894 scripturam
1196 2817 1310 2894 poetae
1342 2810 1483 2882 restituit

341 2915 560 3004 Dindor‘fius’)
686 2907 690 2930 ¹

428 3025 548 3090 Eodem
570 3025 676 3090 nescio
700 3045 740 3089 an
763 3025 920 3090 trahenda
942 3025 1014 3102 sint,
1037 3045 1118 3107 quac
1140 3025 1225 3108 apud
1244 3023 1374 3090 Suidam
1398 3045 1422 3087 s.
1441 3023 1482 3106 gl.

339 3131 473 3217 Κοκρία
500 3131 541 3196 sd
570 3151 678 3196 uersus
706 3131 771 3196 294
804 3131 869 3195 295
896 3132 1089 3214 pertinentia
1115 3131 1277 3214 leguntur:
1309 3129 1434 3213 κοκρία
1464 3121 1483 3196 δ

339 3232 457 3324 πηλός·
476 3239 534 3302 καὶ
553 3229 801 3324 Ἀριστοφάνης·
820 3233 1071 3324 κοπροφορήσω
1091 3229 1131 3318 o',
1148 3237 1178 3301 εί
1191 3260 1223 3302 τι
1240 3231 1377 3322 γρύζεις.
1407 3227 1483 3300 α’ντί

339 3351 412 3425 τοῦ,
435 3343 464 3408 εί
482 3339 643 3430 λαλήσεις,
666 3340 799 3429 κόπρου
818 3363 880 3410 σου
903 3339 1140 3431 καταφορήσω,
1163 3343 1328 3424 τουτέστι,
1351 3337 1484 3426 κόπρου

341 3447 518 3538 κληρώσω.
556 3451 670 3516 Diffort
694 3453 791 3536 igitur
809 3451 922 3518 Suidas
940 3452 987 3516 ita
1008 3451 1049 3518 ab
1069 3452 1277 3518 Ambrosiano
1300 3456 1334 3516 et
1355 3449 1486 3532 reliquis

341 3559 509 3636 codicibus
532 3564 569 3623 nt
586 3554 750 3646 γρύξειςθ)
774 3580 838 3624 non
855 3581 982 3624 norsum
1000 3559 1066 3624 294
1084 3559 1140 3626 sed
1157 3580 1284 3624 uersum
1308 3556 1372 3621 295
1395 3555 1484 3620 clan-

342 3665 404 3730 dat
449 3666 612 3750 Leguntur
635 3666 719 3732 onim
741 3667 787 3732 sic
809 3668 842 3731 in
866 3666 1088 3750 Aristophanis
1111 3665 1285 3732 codicibum

587 3792 675 3873 Παφ.
702 3787 898 3878 διαφορήσω
921 3783 961 3871 o',
984 3791 1014 3857 εί
1035 3815 1069 3857 τι
1090 3781 1216 3876 γρύξει(
1238 3799 1258 3876 ).

586 3890 665 3963 Ἀλλ
689 3895 940 3984 κοπροφορήσω
965 3890 1003 3977 σ’,
1027 3897 1055 3962 el
1078 3895 1238 3984 λαλήσεις.

342 4021 430 4088 Solet
452 4029 558 4088 autem
581 4024 614 4088 in
633 4023 759 4108 dialogo
776 4025 860 4089 inter
879 4023 1051 4088 isiciarium
1070 4029 1103 4088 et
1121 4022 1355 4106 Paphlagonem
1373 4019 1486 4086 habito

416 4291 434 4356 ¹)
455 4291 491 4345 ad
510 4289 643 4345 Theodos.
664 4289 812 4346 Grammat.
833 4307 876 4360 pg.
897 4291 950 4344 230
969 4287 1015 4342 lV.

414 4379 435 4446 ¹)
455 4380 541 4449 praef.
561 4397 605 4450 pg.
626 4381 659 4433 X.

415 4469 436 4535 ²)
454 4469 575 4526 correxit
592 4469 740 4524 Elmsleins
760 4469 788 4523 in
808 4463 913 4539 γρύξει,
934 4468 969 4523 ci.
988 4484 1079 4540 snpra.
