3262 4926
635 381 850 440 ..71-

178 573 286 632 autem
316 585 387 647 eos,
421 585 493 634 oum
521 566 638 650 quibus
667 567 827 634 artissime
857 567 1018 640 coniuncti
1046 574 1131 645 sunt,
1156 569 1232 651 quia
1260 587 1318 634 suo

180 667 397 753 interpolandi
419 668 554 736 consilio
576 669 682 738 miuus
705 671 935 738 accommodati
957 678 1059 738 erant.

265 770 386 852 Restat,
413 778 449 836 ut
470 771 581 855 paucis
599 773 753 858 aperiam,
773 773 850 856 quid
865 772 906 840 de
920 781 987 842 toto
1002 774 1075 842 libri
1091 773 1187 858 primi
1202 791 1316 857 prooe-

180 873 244 938 mio
267 873 414 953 sentiam,
440 893 481 939 ne
497 875 649 958 Briegero
671 882 704 941 et
719 875 969 959 Stuerenburgio
985 896 1096 960 parum
1118 875 1319 944 satisfacere

179 975 302 1054 videar,
334 976 388 1060 qui
421 980 567 1044 136-45
590 979 802 1060 secluserunt,
828 979 884 1047 ille
906 978 1046 1062 quidem,
1072 999 1146 1046 eum
1168 996 1224 1044 eos
1247 983 1320 1062 post

180 1082 221 1142 79
237 1079 319 1144 bene
335 1079 433 1146 inseri
455 1079 648 1164 opinaretur,
669 1080 720 1148 bic
736 1101 791 1149 eos
806 1081 940 1149 seorsim
955 1103 976 1148 a
991 1082 1141 1148 carminis
1158 1081 1319 1148 continui-

179 1189 246 1247 tate
262 1183 399 1267 scriptos
414 1202 487 1250 esse
502 1191 600 1250 ratus.
632 1187 738 1266 Atque
753 1204 794 1252 ea
808 1204 918 1262 eausa,
936 1205 1000 1268 qna
1015 1185 1216 1271 potissimum
1232 1203 1319 1250 eorn-

181 1286 258 1350 moti
287 1287 502 1369 secluserunt,
537 1287 613 1370 quia
642 1307 713 1354 cum
742 1288 890 1356 versibus
923 1291 1060 1354 roe-8
1090 1308 1153 1354 uon
1184 1307 1320 1354 consen·

182 1389 286 1468 tinent,
320 1388 452 1470 cecidit,
480 1389 628 1472 quoniam
652 1390 685 1456 hi
707 1391 773 1475 ipsi
795 1391 982 1459 recludendi
1004 1400 1089 1458 sunt.
1135 1389 1200 1457 Sed
1223 1391 1319 1456 etiam

182 1511 219 1556 eo
242 1492 322 1570 loco,
348 1512 411 1575 quo
437 1512 521 1560 nunc
548 1501 686 1573 exstant,
712 1493 790 1560 mihi
813 1495 958 1579 placent:
992 1496 1038 1562 sie
1059 1495 1143 1562 enim
1166 1493 1321 1579 prooemii

183 1615 336 1660 conexum
359 1594 446 1680 tingo
469 1595 581 1664 ordine
597 1597 742 1664 codicum
758 1604 894 1665 servato.
936 1597 1056 1664 Versus
1079 1598 1154 1664 inde
1177 1618 1197 1664 a
1218 1596 1321 1680 primo

183 1717 282 1780 usque
305 1699 347 1764 ad
372 1701 431 1764 158
455 1699 620 1766 dividendi
641 1700 769 1768 suntin
792 1708 941 1784 quattuor
962 1707 1084 1785 partes:

271 1805 388 1866 1-43:
415 1803 575 1870 invocatio
597 1803 743 1886 Veneris,
768 1803 866 1870 totius
888 1804 994 1888 operis
1017 1803 1172 1872 tautriois.

269 1904 379 1971 Altera
401 1925 475 1989 pars
499 1925 600 1988 usque
624 1906 666 1972 ad
683 1910 735 1986 61,
755 1907 802 1973 ita
816 1907 955 1990 quidem,
975 1913 1010 1973 ut
1024 1913 1099 1972 autc
1116 1910 1156 1971 50
1171 1905 1320 1972 lacunam

183 2013 377 2073 statuamus:
403 2007 518 2090 quibus
541 2008 688 2076 versibus
707 2009 867 2078 dedicatio
882 2009 1114 2090 continebatur,
1134 2009 1224 2074 ouius
1239 2027 1322 2072 nune

182 2117 328 2175 extrema
349 2115 472 2176 tantum
494 2130 570 2195 pars
597 2111 692 2194 (quod
711 2119 862 2194 superest,
890 2114 940 2190 50)
969 2118 1098 2176 servata
1120 2111 1213 2190 ertu.

271 2211 380 2278 Tertia
402 2232 487 2296 pars,
513 2231 596 2295 quae
618 2212 693 2280 inde
715 2234 735 2279 a
757 2216 797 2278 62
814 2213 972 2296 usquead
991 2212 1215 2296 impertiret,
1235 2229 1321 2278 com-

184 2314 334 2397 plectitur
355 2315 448 2397 quasi
471 2315 667 2400 prooemium
691 2316 788 2382 totius
811 2316 973 2382 carminis.

270 2418 308 2482 ln
335 2421 468 2484 tao-8
492 2419 639 2484 transitio
667 2418 702 2484 tit
731 2418 772 2484 ad
796 2438 866 2486 eam
897 2439 979 2500 rem,
1012 2438 1119 2500 aqua
1141 2424 1237 2503 poeta
1260 2417 1324 2481 ini-

183 2521 262 2585 tium
285 2520 436 2588 carminis
460 2520 600 2587 facturus
623 2528 683 2587 est.

270 2623 363 2701 Quod
379 2631 484 2689 autem
502 2623 772 2707 Stuerenburgius
787 2623 966 2708 suspicatus
982 2632 1032 2690 est
1045 2643 1159 2690 versus
1177 2624 1323 2686 135-46

185 2725 320 2792 seorsim
355 2746 376 2791 a
409 2726 569 2796 carminis,
589 2725 798 2792 continuitate
827 2726 963 2810 scriptos
994 2745 1083 2804 esse,
1115 2725 1150 2792 id
1180 2725 1248 2792 reri
1276 2729 1326 2790 est

186 2828 448 2894 dissimillimum.
488 2829 601 2912 Neque
624 2829 709 2896 enim
725 2829 894 2912 quiequam
918 2829 1096 2896 exordienti
1117 2835 1232 2914 poetae
1255 2848 1326 2893 ma-

184 2932 235 3016 gis
257 2932 422 2999 obversari
452 2933 562 3000 debuit
593 2953 688 3015 quam
715 2932 889 3000 difficultas
918 2933 977 3011 rei,
1001 2953 1095 3016 quam
1120 2932 1325 3017 expositurus

184 3042 283 3102 esset.
311 3073 348 3084 ·-

271 3139 396 3206 Adsero
417 3159 489 3206 eum
511 3140 627 3218 locum,
652 3159 747 3223 quem
770 3141 844 3206 item
866 3148 1024 3225 appareat
1050 3139 1211 3224 posterius
1233 3135 1329 3202 addi·

186 3249 251 3308 tum
276 3261 350 3310 esse
373 3243 421 3310 eis
443 3243 599 3321 versibus,
625 3251 697 3328 post
719 3260 798 3326 quos
821 3242 854 3306 in
876 3240 1040 3308 codicibus
1063 3241 1243 3308 exhibetur:

652 3346 695 3426 11,
728 3348 801 3410 163.
826 3349 858 3409 4.

186 3448 338 3532 Legimus
359 3448 437 3516 inde
460 3471 481 3516 a
503 3449 552 3528 11,
582 3453 640 3512 157

316 3561 351 3616 ot
373 3574 451 3635 quoe
473 3561 548 3618 sunt
569 3553 670 3618 solida
686 3552 868 3636 primordia
891 3551 1103 3635 simplicitate,

237 3762 290 3823 tot
318 3759 440 3836 debeat,
465 3758 646 3838 nimirum,
666 3758 864 3842 praecellere
885 3757 1070 3835 mobilitate,

317 3869 347 3924 et
369 3862 466 3925 mutto
489 3861 582 3926 eitius
593 3862 687 3946 ferri
707 3883 802 3947 qurum
824 3858 974 3924 lumina
995 3859 1069 3923 solra

260 4119 275 4180 't
297 4115 452 4172 Vahleniue
475 4117 623 4182 (Monatsb.
644 4119 673 4173 d.
688 4119 763 4174 Bari.
780 4117 868 4171 Acad.
884 4115 959 4185 Aug.
977 4117 1051 4178 rsit)
1073 4113 1139 4168 mibi
1158 4129 1213 4169 non
1231 4113 1331 4184 proba-

189 4203 313 4256 vitante
331 4203 534 4273 quodnuperert
559 4202 662 4257 nuttam
689 4205 817 4260 lacunam
836 4203 922 4258 hiare.
960 4199 1111 4264 Conferte,
1131 4215 1202 4269 quae
1227 4201 1256 4254 iu
1279 4215 1329 4269 pc-

187 4288 254 4354 gina
273 4291 305 4342 to
323 4289 464 4344 adnotavi.
