3280 4934
556 387 599 396 ..-
646 347 741 430 [109]
791 385 828 394 -
1230 345 1270 410 13

126 549 252 634 Lysiam
274 547 391 613 referre
415 547 518 613 verbis
540 546 591 612 his
614 543 703 622 XIII,
729 545 768 608 17
794 543 937 625 είλοντο,
964 546 1046 631 πρὶν
1068 535 1131 630 τήν
1155 540 1271 630 ἐκκλη-

128 659 202 722 σίαν
235 647 297 740 τήν
324 656 401 739 περὶ
428 663 485 741 τῆς
517 651 648 742 εἰρήνης
679 653 852 739 γενέσθαι,
884 649 1027 730 τούτους
1059 659 1199 736 πρῶτον
1227 648 1273 728 είς

128 753 285 843 διαβολὰς
307 763 364 826 καὶ
387 758 566 838 κινδύνους
588 768 802 847 καταστῆσαι,
826 759 889 826 ίνα
911 760 1047 847 μηδεὶς
1071 755 1155 822 ἐκεῖ
1175 748 1271 841 ὑπὲρ

128 876 199 933 τοῦ
227 861 420 954 ὑμετέρου
442 863 623 954 πλήθους
651 861 850 951 ἀντιλέγοι
879 874 911 934 et
934 867 1039 933 verbis
1063 865 1112 930 his
1135 863 1207 941 XII,
1230 865 1273 929 72

129 971 206 1040 τότε
226 975 260 1040 δὲ
279 972 462 1062 παρόντων
483 969 683 1058 Λυσάνδρου
702 975 759 1038 καὶ
781 971 988 1060 Φιλοχάρους
1011 974 1067 1038 καὶ
1086 966 1273 1038 Μιλτιάδου

129 1085 206 1167 περὶ
232 1091 293 1170 τῆςΙ
317 1084 488 1158 πολιτείας
515 1072 577 1168 τήν
605 1079 784 1167 ἐκκλησίαν
812 1079 964 1160 ἐποίουν,
996 1079 1061 1146 ίνα
1088 1075 1182 1166 μήτε
1211 1073 1274 1164 ῥή-

130 1213 208 1275 τωρ
232 1182 367 1267 αὐτοῖς
394 1189 527 1275 μηδείς
552 1187 779 1254 ἐναντιοῖτο
806 1189 899 1275 μηδὲ
924 1189 1173 1253 διαπειλοῑτο
1203 1187 1273 1248 κτλ.

130 1296 285 1362 Nimirum
304 1299 338 1362 in
355 1303 489 1381 utraque
509 1296 652 1361 oratione
671 1293 737 1361 fere
757 1297 875 1360 eisdem
893 1295 997 1360 verbis
1016 1294 1079 1359 dici
1097 1293 1276 1377 proditores

131 1405 254 1487 patriae
282 1405 314 1470 id
342 1405 514 1481 studuisse,
541 1424 581 1468 ne
604 1405 674 1487 quis
702 1403 762 1469 sibi
791 1403 964 1479 resisteret,
992 1423 1056 1486 qua
1082 1422 1121 1465 ox
1144 1422 1179 1466 re
1202 1419 1276 1464 eon·

129 1511 320 1576 cludendum
343 1532 424 1587 esse,
451 1532 546 1576 unam
574 1511 768 1594 eandemque
792 1510 969 1575 contionem
997 1508 1062 1573 alio
1089 1506 1158 1571 loco
1181 1505 1277 1571 aliter

130 1620 324 1683 nominatam
338 1640 414 1683 esse.
443 1617 505 1684 Sed
520 1619 599 1682 haec
617 1618 774 1684 conclusio
793 1618 943 1684 audacior
961 1621 1047 1681 certe
1062 1637 1157 1699 quam
1171 1615 1275 1678 verior

130 1730 187 1789 est.
215 1725 297 1791 Nam
316 1728 452 1810 primum
470 1747 631 1807 nunquam
650 1725 815 1791 Scheibius
835 1724 983 1800 ostendit,
1002 1743 1063 1807 quo
1082 1723 1151 1787 iure
1166 1720 1277 1806 Lysias

129 1835 309 1898 contionem
328 1834 460 1898 eandem
483 1833 576 1898 modo
595 1832 635 1896 de
657 1854 734 1916 pace
753 1832 846 1896 modo
865 1831 905 1897 de
927 1853 963 1895 re
985 1829 1112 1913 publiea
1134 1827 1276 1894 habitam

131 1962 199 2006 esse
227 1942 320 2006 dicat.
375 1940 443 2018 Quo
475 1945 616 2023 tempore
648 1938 732 2003 enim
768 1942 837 2022 pax'
861 1943 992 2021 accepta
1028 1941 1097 2002 orat
1134 1937 1277 2020 murique

130 2047 229 2112 deleti
253 2067 409 2130 navesque
433 2047 580 2122 traditae,
603 2067 640 2110 eo
664 2051 805 2128 tempore
824 2045 927 2110 denuo
951 2045 990 2108 de
1013 2065 1090 2128 paee
1113 2065 1175 2109 non
1198 2041 1277 2107 deli·

129 2155 277 2218 beratum
301 2160 357 2219 est.
403 2153 468 2218 Nec
490 2153 686 2218 haerendum
709 2159 758 2216 est
781 2153 869 2218 inea
891 2174 935 2228 re,
959 2151 1043 2234 quod
1068 2149 1149 2215 forte
1166 2148 1278 2232 Lysias

128 2259 287 2326 similibus
315 2260 419 2326 verbis
446 2261 549 2326 utitur
575 2261 609 2326 in
636 2263 680 2326 ais
709 2259 919 2336 orationibus,
952 2279 1046 2342 quae,
1078 2277 1149 2323 cum
1177 2255 1279 2319 altera

128 2369 233 2434 altero
257 2375 397 2452 tempore
420 2367 549 2432 habitae
573 2369 645 2444 sint,
672 2389 741 2454 nec
757 2366 799 2431 ad
827 2367 958 2432 eandem
987 2385 1113 2430 oausam
1135 2366 1279 2446 spectant
1335 2415 1338 2423 ,

127 2499 189 2541 nec
223 2478 307 2541 inter
333 2497 366 2540 se
394 2473 435 2539 ab
448 2481 589 2540 ‘oratore
617 2496 754 2540 conexae
782 2482 863 2540 sunt.
914 2471 1044 2538 Duobus
1072 2471 1171 2554 igitur
1203 2469 1279 2534 locis

128 2605 203 2648 cum
228 2583 261 2646 in
285 2581 486 2665 optimatium
509 2582 648 2648 consiliis
672 2582 864 2666 exponendis
892 2581 1009 2646 similia
1031 2583 1210 2652 narrentur,
1233 2573 1279 2640 fa-

127 2693 191 2757 cile
216 2689 334 2753 similia
357 2710 480 2772 quoque
504 2687 601 2754 verba
624 2688 824 2754 adhibentur.
870 2689 981 2773 ltaque
1004 2685 1092 2762 XIII,
1119 2683 1157 2748 17
1183 2681 1281 2747 refert

127 2797 244 2883 Lysias
272 2797 404 2861 insidias
431 2796 472 2859 ab
500 2796 706 2881 optimatibus
729 2800 866 2861 structas
890 2817 955 2860 esse
983 2799 1093 2859 contra
1116 2791 1199 2856 viros
1222 2811 1280 2874 po·

125 2906 275 2990 pulares,
308 2923 347 2966 ne
379 2903 450 2985 quis
482 2903 514 2966 in
547 2903 692 2969 contione
720 2904 759 2966 de
792 2925 869 2986 pace
897 2903 1097 2968 convocanda
1129 2900 1190 2966 sibi
1223 2898 1281 2963 im-

125 3013 316 3099 pedimento
349 3009 446 3085 foret,
478 3009 510 3073 in
542 3010 655 3086 altera,
689 3009 885 3093 Lysandrum
917 3032 937 3074 a
963 3010 1160 3074 Theramene
1187 3006 1281 3072 Samo

125 3121 320 3186 arcessitum
344 3139 420 3194 esse,
443 3117 571 3199 nequis
594 3116 649 3181 illo
672 3124 838 3200 praesente
860 3118 907 3182 rei
930 3116 1076 3201 publicae
1095 3113 1282 3181 evertendae

126 3229 306 3294 resisteret.
343 3224 483 3288 Revera
505 3229 610 3289 autem
633 3224 728 3289 fuisse
747 3225 801 3306 qui
821 3231 854 3289 et
876 3246 985 3308 pacem
1004 3221 1072 3288 fieri
1096 3228 1129 3287 et
1150 3222 1284 3305 triginta

125 3338 215 3402 viros
230 3331 358 3396 institui
379 3332 547 3407 noluerint,
560 3331 663 3415 Lysia,
679 3331 896 3414 Xenophonte,
911 3331 1092 3407 Plutarcho,
1106 3330 1246 3394 Diodoro
1257 3331 1282 3412 ¹)

125 3438 319 3510 auctoribus
339 3437 449 3502 elucet.
487 3438 575 3515 Quae
594 3460 665 3502 cum
689 3439 735 3502 ita
752 3439 826 3514 sint,
849 3446 981 3523 apparet
1004 3438 1184 3503 contionem
1207 3436 1283 3520 περὶ

124 3559 186 3638 της
207 3541 346 3633 εἰρήνης
370 3545 564 3609 nominatam
582 3544 738 3609 diversam
758 3565 825 3610 esse
844 3567 864 3610 a
882 3547 1027 3611 contione
1046 3543 1118 3620 llll,
1137 3543 1180 3607 72
1200 3563 1284 3607 com-

221 3801 241 3863 Ι)
262 3797 336 3852 Xen.
356 3793 391 3846 H.
411 3792 442 3846 G.
462 3793 501 3858 ll,
521 3794 550 3859 2,
574 3794 610 3848 22
632 3788 826 3849 ἀντειπόντων
849 3792 879 3848 δι’
904 3813 989 3848 τινων
1013 3788 1089 3867 αὐτῷ
1113 3798 1159 3861 (sc.
1179 3791 1284 3864 Thera5

125 3891 222 3960 meni),
244 3879 321 3943 πολὺ
341 3880 370 3936 δὲ
390 3876 532 3936 πλειόνων
551 3877 818 3938 συνεπαινεσάντων
839 3879 917 3949 troes
937 3881 1074 3953 δέχεσθαι
1092 3877 1144 3951 τήν
1163 3875 1284 3953 εἰρήνην.

125 3981 300 4040 Plutarchus
321 3973 386 4042 Lys.
401 3971 467 4026 XIV
486 3971 659 4027 Cleomenem
677 3991 761 4028 unum
780 3989 815 4028 ex
830 3973 988 4042 demagogis
1003 3972 1170 4027 Thoramoni
1188 3986 1285 4040 pacem

126 4067 262 4130 suadenti
283 4060 423 4120 restitisse
442 4067 545 4114 narrat.

219 4159 295 4215 Plut.
308 4155 373 4222 Lys.
386 4150 436 4204 XV
456 4144 628 4220 ἐβούλευσεν
645 4154 692 4214 (sc.
705 4146 877 4222 Αὖοανδρος)
898 4147 984 4215 silete
1003 4154 1051 4205 καί
1071 4147 1121 4220 τήν
1140 4149 1288 4205 πολιτείαν

125 4253 322 4325 μεταστῆσαι,
368 4241 536 4302 Δεσπειθῶς
559 4238 589 4294 δὲ
617 4243 665 4294 καί
694 4239 820 4312 τραχέως
842 4235 1036 4296 ἀντειπόντων
1058 4249 1105 4308 (σο.
1130 4245 1187 4304 τῶν
1212 4234 1288 4308 29η-

127 4345 229 4410 ναίωνί
250 4375 326 4393 ,..,
357 4329 420 4398 Lys.
432 4329 493 4392 XII,
505 4330 539 4382 73
558 4322 637 4396 ὑμεῖς
656 4329 684 4384 δὲ
705 4327 874 4404 ἐθορυβεῖτε
893 4323 932 4394 ὡς
951 4325 984 4385 οδ
1004 4325 1172 4399 ποιήσοντες
1190 4333 1288 4384 ταῦτα.

127 4433 209 4491 Dind.
233 4425 309 4490 XIV,
331 4422 358 4484 3,
379 4421 402 4472 (i-
