3304 4928
603 479 646 488 -
695 440 790 523 [ιον]
840 477 880 487 -
1273 439 1316 502 sa

165 637 283 701 etenim
311 627 426 721 ὥσπερ
455 633 656 723 Παλαμήδης
684 641 716 700 et
744 619 910 718 Ναυπλίῳ
921 637 946 716 ¹)
976 639 1123 717 exeerpta
1151 633 1249 699 habes
1277 655 1316 699 ex

166 743 355 808 scholiastae
378 744 593 818 admistione,
616 764 697 826 quae
720 743 766 807 sio
788 741 957 809 exhibetur
981 741 1013 804 in

424 850 464 913 ΒΘ
556 895 557 900 1
724 855 757 914 et
985 845 1065 932 8⁸¹)

210 947 324 1036 ὥσπερ
352 954 433 1035 Οίαξ
461 963 509 1038 τῷ
534 957 699 1039 Ναυπλίῳ
738 955 741 1015 i
825 947 939 1037 ὥσπερ
966 952 1047 1033 Οίαξ
1075 961 1124 1038 τῷ
1148 955 1313 1039 Ναυπλίῳ

164 1057 284 1147 γράφει
304 1059 340 1125 ίν
359 1067 409 1144 τῷ
427 1058 617 1148 Παλαμήδει
636 1069 699 1126 τοῦ
779 1056 899 1144 γράφει
922 1067 972 1143 τῷ
997 1062 1101 1144 πατρί

166 1160 361 1253 Εὐριπίδου.
400 1160 434 1231 ‘0
456 1160 518 1254 γάρ
545 1168 627 1250 Οίοξ
649 1167 697 1253 iy-

161 1271 318 1360 χαράττει
335 1278 477 1351 πολλαῖς
495 1271 638 1352 πλάταις
656 1267 697 1339 τά

162 1382 240 1465 περὶ
286 1372 348 1446 τὸν
391 1378 595 1467 Παλαμήδην
641 1383 697 1446 καὶ
869 1371 931 1444 τὸν
954 1375 1159 1466 Παλαμήδην
1183 1379 1220 1444 ίν
1245 1379 1315 1446 δια-

163 1479 300 1572 άφίηοιν
329 1487 376 1565 είς
404 1483 580 1552 θάλασσαν
610 1479 696 1553 ὥστε
736 1506 738 1594 η
778 1483 899 1569 φόροις
935 1482 1078 1564 πλάταις
1115 1487 1172 1550 καὶ
1204 1482 1317 1570 ῥιπτεῖ

161 1599 220 1680 μιᾷ
251 1592 290 1676 γέ
319 1615 387 1658 τινι
425 1585 486 1658 τὸν
519 1589 697 1658 Ναύπλιον
736 1603 739 1663 i
779 1592 825 1670 είς
856 1588 1044 1672 θάλασσαν,
1077 1585 1163 1659 ὥστε
1191 1602 1249 1682 μιᾷ
1278 1593 1316 1677 γέ

161 1711 376 1783 προσπεσεῖν.
736 1686 738 1780 ί
778 1722 845 1764 τινι
868 1700 1033 1783 Ναυπλίῳ
1060 1713 1263 1785 περιπεσεῖν.
1376 1723 1379 1730 ’

957 1219 1143 1285 exciderunt

251 1823 369 1888 Tamen
403 1847 441 1889 ex
469 1831 620 1907 corrupta
647 1823 702 1888 illa
734 1845 883 1890 uersuum
912 1824 1027 1900 forma,
1059 1846 1141 1906 quae
1169 1847 1190 1888 a
1217 1824 1315 1890 Suida

161 1952 185 1994 s.
208 1929 249 2013 gl.
282 1925 398 2017 Πλάτη
432 1929 613 2006 exhibetur,
646 1931 791 1996 concludi
823 1937 942 2014 potest,
974 1953 1045 1996 eum
1077 1932 1109 1995 in
1142 1931 1314 2016 arehetype

160 2059 273 2101 uersus
293 2037 355 2101 771
378 2039 410 2100 in
434 2039 512 2102 duas
536 2045 644 2120 partes
668 2038 841 2121 diremptus
864 2038 1032 2120 legeretur,
1056 2037 1176 2102 scholio
1195 2041 1313 2122 margi-

161 2143 226 2207 nali
254 2149 376 2209 tanturn
407 2145 501 2228 spatii
526 2143 636 2220 fuisse,
663 2151 699 2208 ut
722 2165 784 2208 uox
808 2143 974 2227 Ναυπλίῳ
999 2142 1142 2208 ultimam
1166 2145 1313 2210 uersiculi

160 2257 285 2334 partem
309 2272 464 2335 oreupare
486 2258 600 2334 posset.

252 2357 370 2422 Versus
395 2358 458 2423 868
482 2358 541 2422 has
565 2357 684 2421 formas
707 2357 821 2422 Suidas
845 2357 958 2420 tradit:

232 2483 266 2544 Τί
290 2468 353 2547 οὖν
378 2475 426 2545 ἔτι
451 2487 488 2568 ζη
511 2489 593 2546 ταῖν
616 2477 776 2565 κοράκων
800 2482 950 2566 πονηρίᾳ
975 2479 1011 2544 V.
1035 2480 1133 2546 Oxou.
1157 2481 1192 2545 Ε.

232 2587 266 2651 Τί
291 2575 353 2652 οὖν
377 2583 426 2652 ἔτι
450 2593 491 2671 ζῇ
515 2596 595 2653 τῶν
619 2582 779 2673 κοράκων
802 2587 954 2674 πονηρία
978 2588 1052 2672 (sic)
1078 2587 1112 2652 Α.
1188 2583 1194 2592 ’

233 2695 266 2757 Τί
291 2682 353 2758 οὖν
377 2689 426 2758 ἔτι
450 2699 559 2781 ζητῶν
584 2689 744 2780 κοράκων
767 2694 939 2780 πονηρίαν
964 2693 988 2758 C
1011 2693 1046 2770 B,

160 2840 198 2883 ex
226 2818 341 2914 quibus
373 2820 538 2903 seripturis
571 2819 706 2884 alteram
734 2824 766 2883 et
798 2818 926 2883 tertiam
959 2839 998 2881 ex
1025 2817 1207 2882 coniectura
1234 2820 1312 2884 satis

160 2927 242 2989 mira
263 2926 420 3009 prodiisse
444 2932 586 3009 apparet.
629 2926 765 2991 Videtur
783 2931 889 2989 autem
908 2925 1059 2989 mendosa
1077 2924 1162 3007 apud
1181 2924 1312 2989 Suidam

160 3032 254 3096 lectio
278 3033 352 3096 iude
376 3040 447 3097 orta
471 3055 547 3108 esse,
571 3033 655 3115 quod
680 3031 757 3096 oiim
780 3037 946 3096 exaratum
969 3030 1148 3113 legebatur:

387 3159 421 3220 Τί
446 3144 508 3221 οὖν
533 3152 582 3220 ἔτι
606 3161 653 3237 ζῶ
677 3162 718 3238 τῇ
742 3151 901 3240 κοράκων
925 3155 1084 3244 πονηρίμ;

103 3263 111 3278 ’
159 3297 253 3362 quam
269 3281 458 3363 scripturam
473 3281 652 3364 Scaligerus
666 3279 699 3343 in
714 3279 853 3344 editione
869 3301 927 3344 sua
943 3279 1148 3364 Aristophani
1163 3279 1312 3344 restituit.

249 3385 300 3451 Ad
328 3377 354 3450 r.
380 3386 444 3450 878
474 3374 502 3450 ui
532 3383 710 3471 δύστηνος,
734 3379 767 3450 οί
794 3382 1033 3470 πεπλώκαμεν,
1061 3407 1156 3471 quam
1178 3385 1312 3450 sormam

158 3493 281 3575 etipse
310 3491 425 3556 Suidas
448 3499 570 3568 tuetur,
597 3497 683 3556 reete
706 3491 835 3558 uidetur
862 3493 1019 3558 iudicasse
1047 3493 1311 3578 Buttmaunus³):

158 3597 365 3678 „Euripides
399 3599 456 3662 der
489 3599 555 3663 dies
588 3597 714 3678 Perfert
746 3599 828 3664 ααιίι
860 3599 927 3680 auf
952 3600 1004 3663 ιίίι
1036 3597 1165 3662 scaea
1195 3597 1311 3663 Βίλλιον

158 3703 284 3767 brachie
307 3703 433 3789 (Helen.
458 3727 484 3768 v.
504 3706 570 3768 532
593 3699 828 3790 πεπλωκότα),
852 3705 970 3770 scierint
992 3726 1054 3770 eeu
1076 3705 1310 3786 Αιιζνίομίιοαιο

157 3809 334 3893 desswepen
365 3816 531 3892 uerspottet
562 3831 603 3874 ιιι
636 3811 799 3889 ιοινδια“;
836 3833 894 3876 nec
926 3833 1005 3895 opus
1037 3816 1086 3876 est
1122 3810 1311 3876 coniecturis

157 3914 315 3981 Dindorfii
347 3915 389 3981 ad
422 3917 507 3982 hune
538 3917 642 3982 locum
675 3923 708 3982 et
740 3917 908 3983 Matthiaei
940 3919 981 3984 ad
1013 3917 1174 4000 Euripidis
1207 3917 1310 3982 locum

157 4017 397 4106 πεπλεύκαμεν
421 4029 453 4087 et
475 4016 701 4088 πεπλευκότα.

247 4129 392 4210 Denique
410 4129 443 4191 in
460 4151 486 4193 r.
502 4130 586 4193 1059
606 4128 765 4194 notabiles
779 4135 852 4194 sunt
867 4129 984 4195 Suidae
998 4131 1172 4214 scripturae
1187 4132 1309 4196 uariae:

230 4307 249 4370 ¹)
271 4304 426 4376 Νανπλοίῳ
441 4311 513 4359 teste
530 4305 711 4375 Bernhardyo
727 4306 838 4361 collatio
849 4306 1024 4360 Gronoviena
1039 4305 1141 4361 codicis
1151 4305 1308 4367 Vtosrienit.

230 4391 251 4456 ¹)
270 4392 429 4448 lacunosum
450 4399 478 4446 et
497 4393 680 4462 deprauatam
700 4393 800 4449 scholii
819 4394 933 4449 formam
952 4393 1049 4450 suidas
1069 4393 1199 4451 seruauit.

228 4481 248 4549 ⁸)
268 4481 388 4537 Gramm.
410 4481 507 4536 Graec.
527 4488 600 4553 part.
621 4483 648 4535 11
669 4499 714 4552 μς,
734 4483 794 4539 220.
