3280 4934
334 347 377 414 34
768 386 809 396 -
856 347 952 432 [130]
999 385 1040 395 -

333 567 404 610 cum
436 544 539 628 specie
571 544 767 627 speraverint
791 541 879 621 'fora
915 549 952 608 ut
987 543 1048 628 ipsi
1084 543 1249 628 aequiores
1280 541 1478 607 condiciones

201 665 203 673 ⁴
292 695 296 704 ·
334 673 428 734 quam
460 651 671 718 Theramenes
704 653 924 734 impetrarent,
959 673 1053 735 quem
1085 650 1208 716 lenibus
1240 647 1478 715 condicionibus

334 758 540 842 impetrandis
572 779 612 822 ne
644 779 772 842 operam
804 758 932 841 quidem
964 760 1112 824 daturum
1145 779 1212 823 esse
1244 757 1477 822 existimabant

334 867 403 944 Qun
426 868 465 930 de
488 886 583 930 causa
609 867 794 932 restiterunt
816 863 1045 950 prohibercquc
1072 866 1275 942 studuerunt,
1306 887 1346 930 ne
1374 866 1477 929 denuo

333 973 521 1039 mitteretur.
572 973 690 1038 Tamen
721 978 813 1038 tanta
844 973 1016 1038 auctoritas
1049 977 1118 1038 erat
1150 972 1366 1048 Theramenis,
1398 971 1477 1035 adeo

333 1080 394 1144 iam
419 1084 486 1143 tum
504 1079 653 1145 valebant
675 1081 852 1164 optimates,
875 1085 965 1146 tanta
983 1086 1052 1146 crat
1075 1079 1177 1165 plebis
1196 1079 1359 1145 calamitas
1381 1087 1477 1160 atque

333 1185 471 1267 ignavia,
498 1193 535 1252 nt
563 1208 626 1251 non
652 1186 840 1271 perficerent
868 1188 915 1252 illi
943 1209 1025 1270 quae
1049 1188 1173 1253 vellent.
1220 1187 1287 1251 lam
1310 1187 1477 1269 optimates

333 1316 402 1358 cum
427 1315 489 1360 non
517 1294 713 1377 ignorarent,
735 1294 941 1379 pertinaciam
969 1295 1107 1361 virorum
1130 1295 1255 1359 illorum
1280 1295 1477 1379 popularium

298 1385 302 1391 ¹
333 1421 487 1466 summum
518 1402 618 1483 pecie,
650 1422 744 1483 quam
776 1401 1001 1478 moliebantur,
1035 1401 1230 1468 obstaculum
1263 1401 1343 1478 lore,
1374 1401 1477 1484 prius·

335 1529 428 1591 quam
459 1529 522 1590 pax
553 1506 657 1585 fieret,
689 1531 741 1574 eos
774 1531 791 1574 e
821 1510 924 1576 medio
952 1531 1019 1575 esse
1052 1509 1207 1574 tollendos
1238 1509 1478 1583 constituerunt,

333 1615 520 1697 pracsertim
543 1622 671 1681 auctore
694 1616 899 1694 Theramene,
922 1618 1010 1682 cuius
1033 1617 1123 1694 acciit,
1146 1615 1220 1681 dum
1243 1617 1311 1698 ipse
1330 1613 1477 1698 Spartam

334 1720 553 1804 proficiscitur,
586 1724 709 1788 callidis
741 1729 773 1788 et
805 1723 1009 1790 clandestinis
1041 1723 1165 1789 insidiis
1197 1724 1325 1788 structis
1356 1741 1479 1787 summa

333 1829 489 1894 industria
521 1830 553 1893 id
585 1829 736 1913 agebant,
767 1839 803 1896 ut
830 1831 890 1896 viri
917 1813 1086 1914 populares
1113 1832 1146 1895 in
1174 1851 1331 1896 carcerem
1355 1831 1477 1894 conice-

333 1942 450 2000 rentur.
500 1936 687 2004 Therameni
719 1939 818 2022 igitur
849 1959 919 2003 cum
952 1961 991 2004 ex
1023 1939 1124 2004 altera
1151 1939 1309 2021 legatione
1336 1935 1477 2000 Athenas

334 2045 465 2120 rediret,
493 2044 551 2108 viri
574 2045 741 2128 populares
765 2067 804 2110 nc
829 2045 1054 2129 impedimento
1078 2050 1191 2122 essent,
1218 2043 1390 2128 periculum
1414 2065 1478 2107 non

333 2159 413 2216 erat:
442 2157 477 2216 ut
505 2151 568 2217 iam
595 2155 719 2218 nemine
743 2153 943 2217 uehementer
970 2153 1137 2219 resistente
1163 2153 1250 2236 pacis
1278 2151 1478 2216 condiciones

333 2259 558 2341 acciperentur.
613 2260 679 2326 Nec
709 2262 824 2324 mirum
856 2260 941 2341 quod
972 2258 1083 2343 Lysias
1110 2259 1336 2324 Theramenem
1366 2259 1478 2340 ipsum,

334 2387 425 2448 quem
455 2366 503 2432 bis
531 2366 665 2432 Athenis
691 2367 808 2432 aluisse
837 2387 898 2431 non
926 2365 1081 2442 meminit,
1113 2366 1243 2430 insidias
1271 2365 1334 2430 illis
1366 2363 1477 2428 fecisse

333 2471 444 2550 refert,
467 2495 545 2554 quas
569 2475 654 2538 iussu
681 2471 886 2538 Theramenis
909 2471 950 2538 ab
973 2472 1179 2556 optimatibus
1207 2473 1298 2538 sociis
1322 2471 1389 2536 eius
1412 2471 1477 2536 fac-

334 2585 384 2644 tas
408 2581 525 2644 rectius
548 2579 688 2646 dixisset.

422 2687 540 2764 Quodsi
563 2707 614 2756 res
637 2687 684 2752 ita
706 2709 739 2752 se
761 2684 909 2752 habuisse
932 2687 1086 2770 ponimus,
1110 2693 1142 2752 et
1165 2686 1403 2770 Xenophontem
1428 2707 1477 2750 re-

333 2795 443 2876 ligiose
471 2796 632 2876 sequimur
660 2798 692 2858 et
719 2792 845 2877 Lysiam
877 2793 1046 2861 liberamus
1073 2795 1166 2878 culpa
1193 2815 1243 2858 res
1270 2813 1308 2858 ao
1334 2798 1478 2876 tempora

334 2901 475 2965 consulto
503 2899 724 2984 perturbandi3
752 2901 806 2985 qui
833 2923 903 2966 cum
931 2902 964 2966 in
992 2923 1055 2968 una
1085 2923 1120 2966 re
1147 2901 1315 2976 erraverit,
1347 2921 1385 2964 ex
1416 2899 1478 2963 hoc
1629 2895 1630 2966 l

334 3029 440 3073 errore
463 3015 569 3073 cetera
591 3029 673 3090 quae
695 3007 819 3091 profert
841 3009 1018 3074 necessario
1043 3007 1187 3073 derivata
1209 3014 1290 3073 sunt.

883 3347 923 3430 V.

423 3542 564 3608 Alteram
588 3542 799 3610 differentiam
827 3543 866 3609 de
893 3547 1049 3626 tempore,
1076 3563 1138 3626 qno
1162 3540 1273 3608 Samus
1295 3541 1399 3608 insula
1421 3540 1477 3605 cb-

334 3671 421 3715 sessa
443 3651 493 3726 sit,
520 3651 604 3716 inter
626 3650 752 3734 Lysiam
775 3657 807 3716 et
830 3651 1072 3735 Xenophontem
1095 3655 1218 3715 exstare
1243 3650 1385 3714 vidimus.
1431 3649 1478 3713 Ac

335 3757 510 3840 Xenophon
543 3758 670 3840 quidem
702 3758 899 3841 Lysandrum
931 3764 1003 3841 poet
1034 3759 1167 3841 triginta
1199 3757 1282 3822 viros
1314 3756 1478 3820 institutos

334 3863 461 3928 Saunium
494 3864 669 3946 proiectum
702 3887 769 3931 csse
801 3869 911 3930 narrat
944 3865 997 3950 (H.
1021 3865 1057 3930 G.
1081 3863 1126 3942 Il,
1149 3862 1179 3941 3,
1203 3865 1247 3951 3).
1301 3862 1412 3947 Lysias
1445 3863 1479 3928 in

333 3971 475 4035 oratione
499 3979 609 4038 contra
634 3972 877 4042 Eratosthenem
905 3971 1018 4037 habita
1040 3969 1130 4057 (Xll,
1155 3971 1211 4056 71)
1234 3969 1333 4035 refert
1359 3969 1479 4036 Thera-

333 4240 427 4306 yerAev
443 4234 474 4292 ἐν
488 4235 625 4314 ἐκκλησίᾳ
645 4227 688 4293 da
703 4233 789 4294 αὐτὸν
799 4233 965 4311 Λύσανδρος
983 4236 1054 4300 τέως
1072 4236 1127 4304 μὲν
1141 4234 1264 4308 κατέχοι,
1285 4229 1346 4293 εἶτα
1364 4230 1477 4293 κελεύοι

333 4323 373 4392 εἰς
391 4329 593 4396 Λακεδαίμονα
612 4323 691 4382 ἰέναι.
730 4329 842 4382 Prorsus
862 4327 964 4382 similia
982 4332 1078 4382 narrat
1097 4327 1195 4398 Lysias
1206 4329 1280 4392 Xlll,
1293 4330 1333 4382 11.
1358 4326 1478 4383 etRen·

332 4433 390 4470 ner.
410 4435 436 4486 p.
456 4419 480 4472 8.
