3262 4926
795 406 1015 468 ..36-

402 657 407 666 ,
427 593 549 660 Horum
571 593 712 658 looorum
728 599 861 676 uterque
882 591 1026 660 offendit.
1066 595 1172 675 Atque
1187 599 1222 658 ut
1237 611 1257 657 n
1271 589 1384 673 quinto
1399 589 1489 656 libro

341 695 553 778 exordiamur,
578 695 613 762 id
636 696 721 778 quod
744 695 917 762 Goebelius
927 697 946 780 1)
974 703 1086 762 neuun
1115 713 1227 762 versus
1249 693 1288 772 V,
1317 694 1483 760 128-41

341 799 474 884 protulit
494 805 616 884 repeto.
665 799 780 883 Neque
802 799 887 866 euim
910 818 1023 866 versus
1054 801 1127 864 132.
1153 800 1173 862 3
1195 796 1367 881 quiequam
1388 795 1487 862 aliud

340 899 521 986 significare
552 907 687 987 possunt
715 923 811 986 quam
839 901 983 970 animum
1012 902 1116 970 solnm
1145 901 1215 968 siue
1243 919 1374 985 torpore
1405 917 1485 968 esse

339 1023 403 1074 uon
423 1009 564 1090 posse2).
611 1003 703 1082 Quas
732 1005 893 1072 sententia
922 1005 975 1072 hio
995 1005 1108 1089 inepta
1129 1011 1195 1084 ent,
1222 1002 1277 1074 ubi
1299 1009 1397 1088 poeta
1420 1001 1485 1070 de-

340 1115 518 1174 monstrare
540 1107 607 1176 vult
629 1130 711 1172 oum
741 1108 883 1193 poesie
912 1129 1082 1191 corpore
1103 1127 1168 1176 uon
1190 1125 1264 1174 esse
1285 1123 1383 1190 posse
1405 1105 1484 1172 aui·-

340 1229 437 1274 mum.
485 1209 613 1278 Deinde
641 1210 821 1278 ooniuuotio
843 1210 1080 1278 enuntiatorum
1101 1210 1136 1277 in
1158 1208 1305 1278 versibus
1331 1210 1482 1274 126-33

339 1327 470 1396 prorsus
492 1313 608 1380 debilis
631 1321 690 1380 est.
730 1315 858 1382 Etenim
873 1315 902 1381 si
917 1315 1026 1392 verba,
1053 1313 1187 1397 quaein
1203 1312 1350 1382 versibus
1369 1314 1441 1376 128.
1460 1315 1482 1376 9

339 1417 488 1500 leguntur

493 1519 574 1586 aaut
595 1520 629 1586 in
651 1519 776 1586 aethon
797 1543 860 1586 noa
881 1521 986 1600 arbor,
1012 1543 1075 1586 oen
1096 1541 1229 1604 aequm
1250 1520 1335 1586 salto

493 1624 589 1688 nubes
611 1646 675 1690 ease
697 1632 812 1708 preeunt

338 1725 380 1790 ad
396 1745 436 1792 ea
451 1745 534 1810 quus
549 1726 749 1811 praecedunt
770 1727 959 1797 referuntur.
986 1727 1030 1792 rio
1053 1727 1087 1795 in
1105 1729 1165 1792 132
1181 1726 1256 1794 ferri
1272 1725 1397 1808 neqnit;
1425 1727 1478 1794 siu

338 1827 380 1893 ad
414 1848 454 1896 ea
485 1849 570 1913 quae
602 1837 780 1913 sequuntur
815 1829 1016 1911 referuntur,
1057 1830 1150 1898 deest
1185 1849 1249 1913 quo
1278 1829 1321 1896 ad
1352 1832 1423 1894 126.
1457 1833 1476 1892 7

337 1930 564 2015 adiungantur.

423 2035 462 2100 Iu
483 2036 577 2102 tertio
599 2035 680 2102 libro
710 2036 834 2120 primus
857 2037 1068 2103 Neumaunus
1096 2035 1256 2102 intellexit
1283 2035 1477 2119 iuterpreta-

337 2135 455 2204 tionem
484 2136 628 2204 haerere.
682 2136 885 2223 Quamquam
915 2138 1000 2207 enim
1030 2158 1094 2204 nou
1123 2139 1221 2223 plane
1250 2137 1350 2222 probo
1378 2157 1477 2221 quam

337 2240 469 2324 protulit
497 2242 669 2322 rationem,
704 2248 813 2310 tamen
847 2248 933 2310 reete
965 2240 1144 2323 oontoudit,
1182 2240 1333 2324 qnoniam
1361 2259 1476 2308 uersus

338 2345 399 2409 784
434 2364 504 2428 sqq.
551 2345 636 2412 idem
672 2353 898 2430 argumentum
937 2345 1190 2431 oompleotautur
1225 2351 1322 2432 alque
1359 2363 1476 2410 versus

336 2450 398 2512 615
415 2485 456 2496 -
472 2449 531 2528 23,
566 2447 634 2515 fieri
665 2469 730 2515 non
751 2448 894 2534 potuisse
924 2455 960 2514 ιιι
989 2453 1087 2533 poeta
1116 2446 1254 2514 eandm
1280 2448 1475 2516 sententium

335 2549 423 2616 brevi
453 2550 558 2635 spatio
585 2550 770 2617 intermisso
805 2557 976 2636 repeteret.
1031 2552 1202 2617 Praeterea
1235 2550 1334 2617 rerba
1367 2559 1476 2615 nostro

336 2671 456 2737 quoqne
483 2673 613 2736 eorpow
640 2661 760 2718 cetam
788 2662 911 2718 consul
943 2655 1026 2736 (794)
1057 2673 1121 2736 quo
1149 2659 1294 2737 speotsnt
1322 2672 1386 2719 non
1414 2653 1476 2719 ha-

335 2755 426 2838 bent,
461 2775 533 2822 oum
561 2757 743 2840 oppositum
773 2756 857 2823 desit
885 2757 927 2840 (iu
955 2757 1066 2839 quinto
1088 2756 1169 2821 libro
1198 2755 1332 2842 quodvis
1361 2779 1477 2840 terpus

340 2859 421 2941 (126)
449 2859 631 2943 oppositum
659 2863 716 2944 est)
750 2878 971 2942 summamque
994 2859 1225 2926 dubitationem
1247 2857 1329 2924 illud
1352 2867 1471 2940 movet,

334 2960 420 3044 quod
441 2960 517 3027 inde
541 2962 583 3028 ab
614 2964 676 3026 800
706 2981 758 3028 res
787 2963 966 3048 exponitur,
1000 2981 1064 3048 qua
1092 2983 1133 3029 ea
1162 2981 1245 3044 quae
1275 2961 1476 3048 praecedunt

334 3083 398 3130 nou
420 3065 696 3146 constabiliuntur,
726 3065 811 3149 quod
837 3073 945 3132 tamen
974 3065 1045 3154 lieri
1074 3072 1205 3150 propter
1227 3065 1327 3132 verba
1356 3065 1476 3150 quippe

334 3167 446 3232 etenim
460 3174 640 3252 exspeotes.
680 3170 794 3252 Neque
808 3169 893 3235 enim
916 3168 950 3234 id
965 3167 1134 3254 anuinium,
1154 3167 1240 3251 quod
1256 3167 1475 3236 Reisaolnerus

318 3290 470 3354 *eumque
514 3280 642 3338 seoutus
679 3273 889 3338 Neumaunus
925 3271 1048 3357 opinati
1085 3277 1177 3353 suut,
1219 3273 1293 3336 798.
1334 3274 1354 3335 9
1399 3291 1474 3337 oum

334 3375 461 3439 800—5
481 3374 722 3460 coniungendos
745 3395 829 3444 esse.
869 3375 953 3442 Nam
976 3393 1090 3440 versus
1113 3375 1240 3440 eoo-5
1263 3373 1298 3440 in
1320 3393 1360 3440 ea
1381 3394 1474 3440 suur-

333 3479 442 3563 ptioue
466 3516 503 3527 -
528 3499 611 3562 quae
632 3485 739 3545 utrum
760 3480 831 3546 ioeo
853 3499 895 3544 an
918 3479 1001 3546 serio
1023 3479 1130 3563 posita
1152 3478 1211 3559 sit,
1244 3477 1323 3544 nihil
1347 3477 1391 3544 ad
1413 3498 1474 3545 uos

331 3582 469 3667 pertinet
479 3619 522 3630 -
533 3589 712 3662 versantur,
730 3583 869 3649 animam
884 3601 957 3649 ease
968 3582 1201 3648 immortalem:
1219 3601 1332 3648 versus
1343 3582 1407 3646 798
1420 3601 1471 3666 sq.

331 3705 407 3753 vero
429 3685 621 3770 moussime
643 3687 827 3771 exprimunt
848 3685 1014 3752 mortalem
1038 3705 1110 3754 esse
1131 3685 1284 3752 animam.

402 3893 419 3954 ¹)
441 3889 501 3945 obs.
521 3905 566 3960 pg.
589 3893 632 3943 27.

399 3976 418 4039 ἰ
439 3975 595 4032 Neomauni
613 3977 801 4046 explicatione
819 3978 944 4045 moripsit
961 3977 1048 4046 igitur
1066 3977 1122 4031 sine
1139 3993 1249 4048 corpore
1266 3975 1323 4030 sota
1341 3989 1393 4044 pro
1412 3977 1474 4030 ains

331 4079 439 4132 corporo
465 4063 580 4116 animali
603 4063 647 4120 vel
671 4062 728 4117 aine
751 4069 821 4116 certo
845 4081 891 4117 arro
917 4079 1042 4132 corpore,
1068 4067 1100 4116 ut
1123 4063 1185 4117 sola
1207 4061 1245 4117 sit
1269 4061 1314 4117 vel
1340 4059 1431 4116 libera
1456 4079 1475 4117 a

330 4163 444 4217 oorpore
462 4149 587 4203 animali·
606 4149 699 4206 verbis
717 4149 860 4218 scriptoris
878 4147 922 4204 vis
937 4148 1030 4204 afferri
1043 4148 1166 4214 videtur,
1186 4149 1476 4217 praeterquamquod

331 4248 431 4302 eorpus
449 4249 482 4289 eo
501 4235 563 4290 loeo
581 4250 635 4289 nou
653 4235 772 4292 animale
790 4239 898 4290 tantum
918 4249 1019 4304 eorpus
1037 4231 1190 4304 siguificat,
1211 4233 1262 4290 sed
1281 4249 1391 4288 omnem
1410 4249 1475 4288 ma-

331 4319 437 4382 teriam,
457 4335 574 4389 quaoum
593 4321 713 4376 animum
732 4322 910 4376 coniunctum
929 4335 992 4376 esse
1010 4320 1128 4389 eogitari
1147 4319 1246 4388 possit.
