3258 4928
576 427 619 438 -
667 393 750 474 [ωε]
1216 395 1277 457 nac

223 601 255 666 p.
278 583 403 646 loossss
421 568 488 645 Ἠν
509 577 573 666 γὰρ
597 577 636 667 δή
660 603 729 645 που
748 578 956 666 κατάλληλος
972 574 990 644 ό
1006 578 1116 667 λόγος,
1143 581 1174 646 εἰ
1189 580 1278 667 πρὸς

138 683 197 771 τήν
225 685 356 769 γένεσιν
385 677 584 770 ἀναφέρων,
621 676 708 768 ὑπὲρ
742 675 782 770 ής
815 677 832 749 ό
867 681 967 768 λόγος
1001 673 1051 771 ἦν,
1091 682 1272 771 ἐπέθηκεν·

140 783 323 867 ςἍλλοθεν
345 781 448 874 αὐτῆς
471 780 644 875 ήκοόσής“,
673 785 731 852 ἐπὶ
755 785 791 852 δὲ
814 793 881 854 τῶν
902 781 1034 873 ἀνδρῶν
1048 787 1182 871 μέλλων
1196 811 1275 854 ποι-

137 897 254 958 εῖσθαι
276 889 336 958 τὸν
358 887 469 975 λόγον,
496 889 533 970 ἐξ
555 883 659 976 όρχής
682 884 789 968 οὕτως
807 887 850 958 ἂν
864 889 1093 979 κατεστήσατο
1108 888 1170 979 τήν
1186 889 1276 978 φρά-

136 1017 205 1061 σιν·
233 1002 324 1082 ςΤής
347 989 379 1060 d'
394 988 564 1078 εὐγενείας
586 1000 723 1079 πρῶτον
737 988 894 1082 ὑπῆρξαν
909 995 1020 1060 τοῖσδε
1044 993 1077 1061 ολ
1096 992 1271 1081 πρόγονοι,

135 1093 211 1181 οὐχὶ
235 1096 399 1186 έπήλυόες
422 1092 516 1174 ὄντες
538 1091 616 1163 οὐδὲ
639 1096 717 1175 τοὺς
741 1095 900 1182 ἐκγόνους
915 1096 1055 1176 τούτους
1072 1093 1276 1188 ἀποφήναν-

136 1225 189 1278 τες
211 1207 452 1284 μετοικοῦντας
475 1198 512 1266 έν
533 1207 573 1285 τῇ
595 1197 697 1287 χώρᾳ,
727 1196 876 1268 ἄλλοθεν
895 1209 993 1289 σφῶν
1008 1196 1170 1290 ἡκόντων,
1198 1197 1272 1267 ἀλλ’

137 1299 393 1387 αὐτόχθοναςῆ
440 1304 651 1387 Constructio‚
678 1305 785 1388 qualis
807 1305 839 1371 in
863 1305 1028 1372 codicibus
1050 1305 1177 1390 legitur⁷
1213 1307 1275 1373 nisi

136 1403 250 1495 ὀρθῶς
272 1410 324 1476 vel
347 1407 452 1474 simile
474 1407 598 1491 aliquid
613 1415 689 1475 ante
711 1406 938 1496 κατεστήσατο
962 1409 1172 1494 suppleveris,
1199 1409 1275 1476 ferri

136 1512 255 1596 nequit.
303 1509 425 1589 Quodsi
449 1516 607 1578 structura
630 1511 707 1577 olim
730 1511 791 1577 fuit
812 1511 1053 1593 condicionalis,
1087 1511 1177 1578 cuins
1200 1531 1275 1597 prc-

134 1617 217 1683 tasis
243 1614 394 1700 bipertita
422 1621 491 1680 erat
520 1612 550 1680 ελ
573 1612 744 1700 ἐπέθηκεν
772 1621 804 1682 et
827 1609 934 1692 οὕτως
957 1608 1005 1681 ἂν
1033 1611 1271 1702 κατεστήσατο.

137 1719 280 1804 sequitur
309 1723 419 1786 vocenl
450 1713 493 1784 ἄν
521 1718 555 1784 in
586 1719 761 1802 posteriore
794 1719 864 1785 colo
897 1726 1017 1786 temere
1050 1715 1275 1804 interpolatam

134 1843 218 1890 esse.
266 1824 337 1889 Iam
359 1823 399 1888 de
422 1821 557 1907 apodosi
573 1821 782 1908 dispiciamus
805 1811 846 1910 ἦν
868 1819 931 1909 γὰρ
955 1819 994 1910 δή
1018 1845 1088 1889 που
1110 1820 1276 1910 κατάλλη-

137 1931 194 2006 λος
225 1922 381 2012 ὃλόγοςς
415 1927 526 2009 ntique
555 1920 842 2006 desideraturae,
876 1927 961 2009 quod
990 1926 1059 1993 fieri
1088 1933 1209 2012 potest,
1241 1934 1276 1992 ut

135 2032 169 2094 in
192 2029 338 2112 margine
361 2027 556 2113 adscriptum
579 2029 662 2093 male
685 2027 727 2092 ad
749 2029 957 2112 posteriorem
975 2029 1117 2113 protasin
1133 2029 1274 2096 delatum

136 2233 301 2318 particulis
330 2227 372 2298 ἂν
395 2229 434 2319 δή
465 2256 534 2296 που
561 2233 740 2300 coniunctis
768 2233 914 2304 conferas
936 2254 968 2319 p.
988 2238 1043 2300 sse
1071 2234 1198 2316 μείζων
1227 2230 1275 2302 ἂν

136 2335 287 2424 δήπου
312 2337 443 2421 λέγοιτο
474 2330 562 2400 εἶναι
592 2343 649 2422 τής
678 2341 859 2420 προτέρας.
907 2340 999 2403 97855
1022 2336 1052 2402 εἰ
1073 2337 1137 2421 μὲν
1159 2333 1275 2415 ἆπλιῖις

136 2441 194 2506 καὶ
216 2433 427 2524 ἀπεριέργως
448 2437 516 2504 ’ἔδει
539 2439 697 2526 ῥηθῆναι,
725 2447 846 2506 τοῦτον
869 2434 918 2506 ἂν
940 2438 985 2527 δή
1010 2464 1093 2506 που
1115 2439 1174 2506 τόν
1196 2441 1274 2524 τρό-

82 2635 83 2640 ¹
136 2569 206 2610 πον
228 2539 429 2631 ἀπήγγελτο.
470 2543 509 2608 Α.
529 2545 567 2608 R.
585 2543 661 2610 VIII
678 2547 717 2608 79
741 2545 863 2629 ploos»
887 2537 946 2610 οὐκ
970 2537 1021 2609 ἂν
1042 2543 1087 2631 δή
1112 2569 1192 2610 που
1214 2543 1274 2631 τήν

136 2643 257 2714 οὐσίαν
283 2700 288 2710 .
312 2699 317 2711 .
340 2699 345 2711 .
372 2643 529 2733 όιγμεύειν
553 2640 570 2733 ή
595 2644 695 2723 πόλις
718 2641 823 2734 ἠξίου.
967 2659 973 2672 ³

221 2827 253 2890 p.
273 2807 398 2868 tollas
425 2793 493 2866 Οὐκ
514 2795 601 2882 olda,
629 2800 658 2866 εἰ
682 2799 739 2866 ἐπὶ
762 2801 1004 2886 λαμπρότατον
1027 2798 1108 2867 ἄλλο
1132 2810 1272 2888 πρᾶγμα
1383 2879 1388 2890 p

134 2907 256 2974 τούτου
278 2900 511 2990 εὐτελέστερον
534 2903 662 2991 ελρήται
685 2903 847 2970 Πλάτωνι
868 2905 925 2969 καὶ
948 2903 1204 2990 ἰδιωτικώτερον
1226 2905 1270 2972 Μ.

134 3015 268 3098 Propter
289 3009 559 3095 praepositionem
580 3008 794 3074 nominativus
818 3005 1061 3094 λαμπρότατον
1082 3008 1115 3074 in
1134 3009 1273 3076 deterio-

134 3115 223 3180 ribus
254 3112 415 3178 codicibus
443 3111 558 3177 leviter
586 3112 620 3176 in
649 3109 892 3196 λαμπροτάτου
926 3113 972 3196 (R)
1006 3119 1180 3178 correctum
1210 3122 1271 3180 est.

135 3221 177 3282 At
200 3217 350 3282 mendum
374 3213 406 3279 in
430 3215 502 3299 ipsa
523 3213 760 3299 praepositione
782 3214 870 3279 latet.
913 3213 1079 3282 Sententia
1102 3213 1181 3280 haec
1204 3225 1267 3282 est:

134 3321 230 3386 Haud
253 3320 319 3385 scio
341 3340 382 3384 an
406 3317 471 3382 alia
493 3338 557 3400 qna
578 3337 629 3383 res
652 3316 912 3401 praeclarissima
934 3317 1073 3383 deterius
1096 3339 1117 3382 a
1139 3318 1272 3385 Platone

132 3424 296 3506 viliusque
318 3422 481 3507 descripta
504 3421 556 3486 sit.
604 3421 684 3486 Inde
707 3421 781 3504 lego
805 3414 864 3485 σι’τι
888 3413 965 3485 olda
995 3418 1027 3484 εἲ
1051 3444 1090 3485 τι
1117 3418 1273 3505 λαμπρό-

133 3551 237 3592 τατον
260 3523 342 3590 ἄλλο
374 3533 514 3611 πρᾶγμα
546 3521 667 3590 τούτου
696 3517 930 3607 εὐτελέστερον
958 3521 1087 3610 εἴρηται
1109 3525 1179 3587 κτλ.
1227 3528 1271 3589 ΕΙ

131 3630 297 3712 quondam
320 3630 404 3694 male
428 3629 597 3713 repetitum
621 3635 689 3693 erat
712 3631 867 3693 ΕΙΕΙΤΙ.

220 3805 252 3869 p.
275 3786 385 3848 totto
411 3778 535 3865 Ἔιῖιμεν
558 3783 748 3848 καὶτοῦτο·
774 3789 846 3859 πῶς
872 3782 908 3847 δέ
932 3789 990 3870 τής
1019 3783 1147 3866 δωρεᾶς
1170 3777 1272 3870 αὐτῆς

132 3883 210 3954 εἶπε
233 3885 270 3950 τό
288 3891 443 3971 μέγεθος,
473 3885 693 3968 ἐξετάσωμεν.
740 3887 847 3952 Verba
870 3893 927 3973 τής
944 3886 1072 3972 δωρεᾶς
1096 3880 1198 3972 αὐτῆς
1221 3887 1272 3951 in-

132 3999 210 4078 epte
225 3998 310 4056 sunt.
351 3989 494 4073 Respicit
509 3989 594 4054 enim
610 3989 786 4074 Dionysius
801 3988 844 4053 ad
859 3989 1002 4054 Platonis
1018 3989 1117 4054 verba
1134 3989 1268 4072 [Menon.

132 4118 165 4181 p.
186 4099 273 4170 237⁶}
300 4092 394 4158 modo
421 4094 463 4176 (p.
481 4095 615 4174 ldlloss]
643 4092 778 4158 laudata
800 4089 885 4179 μόνιγ
909 4088 973 4177 γὰρ
997 4090 1033 4158 έν
1048 4098 1094 4177 τῷ
1116 4089 1191 4157 τότε
1215 4095 1270 4157 καὶ

135 4197 251 4286 πρώτή
286 4193 416 4283 τροφήν
446 4189 671 4280 ἀνθρωπείαν
701 4190 852 4283 ήνεγκεν,
886 4194 946 4260 τὸν
975 4202 1041 4261 τῶν
1069 4203 1186 4281 πυριῖιν
1215 4198 1270 4260 καὶ

132 4307 264 4387 κριθῶν
286 4296 431 4383 καρπόν.
479 4299 605 4365 Deinde
628 4299 805 4374 examinat.
839 4299 994 4381 quomodo
1018 4299 1269 4383 magnitudinem
