3258 4928
588 431 629 440 -
652 339 657 354 ⁸
677 395 761 478 [nuo]
809 432 858 450 -.
1227 401 1287 462 rso

154 579 230 648 λιτό
254 607 330 648 τινα
354 575 372 668 ἢ
395 581 572 648 πολιτείαν
594 583 705 667 spuria
718 603 807 651 esse:
834 603 917 668 qnae
933 583 1075 669 ineptum
1098 584 1292 671 interpreta-

155 693 295 752 mentum
322 695 398 752 sunt
418 686 546 752 illorum
569 681 647 752 οὐδὲ
670 687 751 772 περὶ
773 694 830 774 τῆς
852 691 1084 775 προαιρέσεως
1106 694 1173 756 τῶν
1190 691 1291 756 ιταλι-

154 786 338 872 τευμάτυν.
379 788 481 873 quue
494 789 613 857 oertins
629 790 725 857 etiam
748 810 787 858 eo
802 790 847 875 fit,
866 790 952 874 qnod
966 792 1076 876 paullo
1091 791 1175 859 infra
1189 793 1289 860 inter·

152 893 272 979 polatio
302 893 381 960 satis
412 893 584 978 perspioua
612 893 760 980 Dionysii
789 894 896 964 verbis
925 895 1010 962 male
1038 894 1197 980 adspersa
1225 907 1286 964 est.

153 996 327 1082 oniplunt
353 996 438 1062 enim
469 997 568 1063 verba
590 1015 689 1081 supra
712 997 810 1064 citata
839 997 937 1064 haee:
973 991 1059 1064 Οὐδὲ
1082 995 1146 1084 γὰρ
1170 993 1187 1065 ὁ
1211 999 1289 1077 τοὺς
1313 1011 1317 1031 ·

157 1094 369 1184 Ἰσοκράτους
391 1096 550 1187 μαθητὰς
573 1094 777 1186 ἀναγράψας
790 1095 986 1185 Ἕρμιππος
1009 1096 1149 1190 ἀκριβής
1167 1101 1203 1169 ἐν
1218 1116 1290 1182 τοῖς

153 1198 268 1279 ἄλλοις
290 1199 471 1287 γενόμενος
492 1197 579 1290 ὑπὲρ
594 1202 692 1269 τοῦδε
715 1211 775 1270 τοῦ
794 1202 935 1291 ῥήτορος
958 1198 1057 1271 οὐδὲν
1079 1205 1210 1293 εἴρηκεν
1224 1205 1289 1286 ἔξω

150 1305 246 1373 δυεῖν
268 1303 406 1387 τούτων,
434 1299 488 1372 ὅτι
509 1303 664 1393 διήκουσε
687 1307 750 1390 μὲν
769 1300 989 1392 Ἰσοκράτους,
1017 1305 1236 1396 καθηγήσατο
1253 1308 1289 1376 δὲ

152 1414 413 1497 Δημοσθένους,
441 1413 635 1494 συνεγένετο
659 1409 695 1475 δὲ
718 1421 788 1487 τοῖς
812 1404 962 1495 ἀρίστοις
985 1416 1051 1476 τῶν
1073 1409 1286 1499 φιλοσόφων.

152 1515 231 1598 Ipsa
253 1530 357 1598 paone
379 1514 478 1581 verba
500 1514 640 1580 olamant
661 1533 759 1580 unum
782 1515 874 1580 oolon
897 1513 1074 1582 tollendum
1096 1533 1184 1593 essm
1215 1537 1288 1582 nam

154 1638 227 1686 oum
249 1617 445 1704 Hermippus
467 1615 585 1684 dixerit
613 1615 676 1696 ἔξω
701 1617 817 1684 δυεῖν
844 1614 988 1700 τούτων,
1020 1624 1128 1686 tamen
1154 1620 1217 1687 tria
1238 1639 1291 1688 se—

152 1730 295 1805 quuntur
315 1721 397 1788 oola.
445 1719 618 1799 Quaeritur
638 1721 747 1806 igitur,
774 1741 858 1804 quae
880 1721 944 1788 sint
965 1722 1106 1806 genuina
1123 1723 1290 1810 Hermippi

152 1823 361 1910 Dionysiive,
388 1844 471 1908 quae
496 1824 623 1890 leotoris
652 1823 790 1892 alieuius
821 1825 895 1891 vilis
925 1824 1091 1903 doctrina„
1126 1826 1291 1894 Habemus

153 1935 275 2010 autem,
307 1928 423 2012 quibus
444 1927 507 1994 nisi
530 1927 674 2013 spurium
703 1929 794 1994 colon
822 1935 909 1994 oerto
937 1927 1087 2013 detegere
1116 1931 1287 2014 possimus,

150 2031 337 2099 testimonia
359 2031 455 2098 haee:

244 2155 273 2214 1.
301 2155 331 2216 Γ
330 2156 405 2226 ένος
424 2144 564 2228 Ἰσαίοο;
592 2150 633 2215 os.
660 2151 830 2215 Westerm.
856 2150 957 2234 biogr.
981 2170 1014 2235 p.
1035 2153 1108 2216 261.

237 2265 360 2347 Ἰσαῖος
383 2263 401 2335 ὃ
425 2267 535 2356 ῥήτωρ
552 2267 683 2355 ἐγένετο
699 2265 784 2333 κατὰ
799 2273 862 2349 μέν
877 2293 971 2346 τινας
986 2265 1178 2357 Ἀθηναῖος,
1205 2271 1291 2336 κατὰ

152 2375 192 2440 δέ
206 2397 302 2451 τινας
317 2371 517 2452 Χαλκιδεύς,
538 2368 668 2458 πατρὸς
684 2373 720 2437 δὲ
736 2370 918 2457 Διαγόρου,
940 2372 1134 2460 μαθητής
1149 2369 1181 2439 ‹l'
1193 2369 1219 2439 Ἰ
1224 2397 1289 2440 σο-

154 2476 336 2563 κράτους
356 2483 428 2543 τσῦ
446 2473 640 2562 ῥήτορος,
660 2474 901 2552 διδάσκαλος
918 2476 959 2541 δὲ
974 2481 1284 2565 Δημοσθένους.

226 2575 274 2658 ὥς
298 2577 642 2668 φήσιΔιονάσιος
664 2572 681 2644 ὁ
700 2571 1026 2664 Ἁλικαρνασεὺς
1045 2573 1063 2645 ὃ
1082 2578 1284 2666 κριτικός.

240 2703 270 2764 2.
295 2699 360 2765 Vit.
385 2699 417 2764 X
440 2705 533 2779 orat,
560 2697 601 2765 ol.
628 2699 798 2765 Westerm.
824 2699 925 2784 biogr.
952 2721 984 2786 p.
1004 2703 1077 2767 260.

236 2814 359 2897 Ἰσαῖος
381 2816 571 2898 Χαλκιδεὺς
592 2819 656 2903 μὲν
683 2807 722 2906 ήν
745 2817 782 2884 τὸ
805 2825 918 2904 γένος,
953 2819 1230 2906 παραγενόμενος
1254 2817 1287 2890 δ’

152 2923 203 3002 εἰς
218 2917 366 3011 Ἀθήνας
388 2924 446 2988 καὶ
468 2919 680 3006 σχολάσας
703 2923 779 3006 μὲν
798 2917 1034 3009 Ἰσοκράτει
1060 2975 1067 2988 .
1088 2975 1095 2988 .
1118 2977 1124 2990 .
1150 2933 1288 3014 καθή-

155 3025 312 3116 γήσατο
336 3027 377 3093 δὲ
400 3030 722 3114 Δημοσθένους.

240 3151 271 3214 3.
298 3146 417 3216 Suidae
437 3147 564 3214 lexioon
586 3165 613 3213 s.
639 3168 670 3212 v.
691 3141 825 3224 Ἰσαῖος.

239 3255 373 3346 Ἰσάῑος.
399 3265 447 3346 εἷς
462 3273 525 3351 μέν
547 3266 619 3333 ἐστι
633 3275 699 3334 τιῖιν
714 3272 727 3332 ί
742 3264 903 3354 ρητόρων,
930 3264 1121 3355 μαθητής
1145 3262 1175 3335 rl’
1192 3263 1218 3335 Ἰ
1223 3293 1290 3337 σο-

156 3371 356 3462 κράτους,
398 3368 660 3447 διδάσκαλος
697 3370 740 3437 δὲ
778 3375 1098 3458 Δημοσθένους.
1154 3371 1290 3445 (similia

154 3475 252 3542 habet
272 3474 440 3558 Dodonia.)

241 3578 291 3643 lix
313 3577 363 3644 his
386 3577 577 3645 testimoniis
600 3583 631 3643 ot
653 3575 756 3660 ipsius
778 3575 946 3662 Hermippi
974 3574 1081 3642 verbis
1112 3574 1175 3654 ἔξω
1198 3577 1291 3643 δυεῖν

155 3678 283 3748 τούτων
305 3680 483 3770 certissime
505 3680 642 3747 offioitur
664 3680 762 3746 verba
784 3683 978 3763 συνεγένετο
1001 3678 1038 3744 δὲ
1054 3691 1124 3755 τοῖς
1140 3673 1291 3766 άρίστοις

155 3791 221 3852 τῶν
237 3779 440 3871 φιλοσόφων
460 3782 572 3868 spuria
587 3802 671 3850 esse.
711 3782 911 3864 Quamquam
927 3781 1008 3848 hano
1022 3781 1225 3866 interpolatio
1241 3782 1292 3850 di-

156 3909 252 3956 versa
265 3894 315 3954 ost
335 3887 376 3953 ab
399 3887 450 3970 iis,
477 3906 560 3970 quae
575 3887 669 3970 volgo
685 3883 869 3972 ooourruntl;
896 3885 951 3950 vix
966 3884 1050 3950 enim
1066 3885 1234 3968 quisquam
1249 3886 1290 3955 de

155 4013 214 4060 suo
229 3990 311 4059 haee
322 3990 454 4072 addidit,
475 3989 533 4057 sed
544 3989 586 4056 ad
598 3995 717 4056 eertum
731 3988 850 4054 iontem
863 4007 903 4054 oa
913 3987 1059 4055 redeunt.
1085 3987 1188 4072 Viam,
1207 4009 1290 4073 quae

155 4096 227 4162 sola
249 4101 348 4181 patet,
373 4095 412 4160 R.
439 4091 617 4160 Sohoellius
639 4112 696 4178 per
717 4090 912 4174 colloquium
934 4091 1094 4158 familiare
1115 4090 1285 4160 indicavit:

154 4199 305 4266 nimirum
328 4219 367 4266 ea
390 4198 489 4266 verba
512 4217 529 4264 e
552 4195 778 4262 Demosthenis
801 4195 962 4261 mentione
990 4195 1075 4262 male
1097 4194 1140 4261 ad
1162 4195 1290 4263 Isaeum
1321 4217 1322 4220 ’

152 4303 257 4370 relata
283 4302 437 4387 originem
467 4301 635 4368 duxerunt.
682 4297 931 4366 Demosthenem
960 4297 1168 4384 philosophos
1196 4299 1289 4366 andi-

1034 4419 1080 4471 rs*
