3262 4926
244 1359 319 1422 Post
354 1347 560 1421 Reiskiauaur
599 1355 745 1440 Dionysii
782 1356 1080 1422 Halicarnassensis
1118 1357 1289 1422 editionem

151 1481 250 1544 opera
272 1461 340 1525 eius
363 1459 470 1524 omnia
492 1460 700 1543 complexam,
728 1479 797 1523 cum
821 1459 1052 1542 Antiquitatum
1076 1461 1290 1526 Romanarum

150 1563 224 1627 libri
246 1562 428 1627 firmissimo
444 1561 607 1627 Urbinatis
630 1571 661 1627 et
685 1561 827 1628 Ghisiani
849 1563 1023 1646 insignium
1046 1564 1194 1628 librorum
1218 1561 1291 1626 iun-

105 1725 109 1734 .
151 1667 300 1730 danreutc
322 1665 430 1730 critico
452 1665 514 1730 nisi
542 1665 658 1730 multos
687 1665 741 1748 qui
767 1665 933 1749 pristinam
956 1685 1128 1750 veramque
1157 1667 1290 1731 formam

152 1789 305 1835 revocare
333 1769 497 1834 studerent
519 1768 604 1833 viros
633 1769 742 1834 doctos
771 1769 969 1850 allexissent,
1003 1770 1121 1854 scripta
1144 1770 1291 1854 Dionysii

153 1871 310 1937 rhetorica
332 1872 405 1956 plus
428 1890 530 1953 aequo
553 1891 574 1936 a
596 1871 673 1936 viris
696 1871 799 1937 doctis
822 1873 969 1954 neglecta
991 1872 1047 1936 diu
1069 1873 1247 1938 iacuerunt.

240 1975 323 2040 Nam
346 1974 401 2056 qui
423 1973 543 2057 primus
572 1981 645 2058 post
666 1975 829 2040 Reiskium
858 1975 974 2040 librum
1003 1975 1043 2040 de
1066 1976 1292 2060 compositione

156 2079 337 2156 verborum,
373 2083 406 2140 ut
434 2078 475 2148 ab
509 2077 569 2142 hcc
603 2077 725 2159 ordiar,
762 2079 909 2143 tractavit
939 2077 1158 2160 Schaeserusu
1195 2079 1295 2144 bono-

155 2201 224 2244 rum
260 2179 403 2244 codicum
441 2197 501 2263 ope
534 2178 703 2244 destitutus
737 2200 799 2244 non
834 2181 967 2245 multum
1001 2179 1148 2264 proiecit3
1191 2200 1293 2263 neque

157 2281 368 2364 Goellerus2),
401 2283 462 2347 etsi
494 2282 591 2347 libros
616 2282 822 2348 hlonacensea
855 2283 941 2347 haud
972 2284 1172 2366 spernendae
1201 2290 1295 2348 notae

155 2385 316 2465 adhibuit,
363 2385 405 2449 ad
438 2385 605 2469 limpidum
639 2385 918 2470 incorruptumque
951 2386 1071 2450 sontem
1108 2386 1295 2470 opusculum

156 2491 318 2555 revocavit
347 2496 419 2569 aut,
452 2487 537 2571 quod
559 2487 666 2553 verius
697 2495 762 2568 est,
795 2507 944 2554 revocare
974 2489 1095 2572 potuit:
1126 2489 1296 2570 ignorabat

157 2593 240 2657 enirn
265 2591 400 2657 eximias
423 2591 541 2676 copias,
574 2610 657 2674 quae
681 2592 713 2656 iu
736 2591 857 2657 Italicis
884 2593 1023 2656 maxime
1046 2591 1244 2657 bibliothecis
1265 2599 1296 2656 et

156 2696 188 2759 in
219 2696 366 2760 Parisino
396 2695 525 2778 publiea
553 2695 664 2760 latent.
718 2695 908 2778 Nuperrime
938 2696 1068 2760 demum
1097 2695 1297 2761 Hermannus

160 2800 319 2865 Usenerus
342 2799 529 2880 quaestione
552 2797 650 2863 indici
672 2797 851 2863 scholarum
868 2799 1084 2864 Bonneneium
1106 2799 1296 2864 aestivarum

158 2925 188 2967 a.
215 2901 530 2967 thCCCLXXVlll
553 2900 733 2984 praemissa
755 2901 795 2966 de
818 2901 989 2984 codicibus,
1020 2903 1134 2985 quibus
1157 2901 1236 2967 liber
1258 2903 1298 2967 de

158 3005 387 3090 compositione
412 3006 597 3085 verborum,
631 3024 683 3070 ara
714 3024 796 3086 quae
822 3005 971 3090 Dionysii
1001 3005 1100 3071 sertur
1127 3006 1293 3087 rhetorica,

158 3109 287 3173 libellus
315 3108 355 3173 de
386 3106 584 3191 Thucydidis
614 3106 774 3174 idiomatis
805 3107 1019 3190 continentur,
1060 3109 1299 3174 accuratissimo

159 3212 224 3293 egit
246 3219 342 3292 atque
367 3211 401 3274 iu
425 3229 487 3274 uno
510 3211 615 3292 capite
639 3210 710 3274 libri
733 3209 773 3274 de
795 3229 823 3274 c.
849 3231 879 3275 v.
906 3211 1171 3292 quartodecimo,
1203 3231 1298 3292 quarn

160 3333 289 3397 prorsus
313 3332 414 3378 novus
437 3311 613 3396 Dionysius
638 3312 781 3378 codicum
808 3312 934 3376 illomm
958 3312 1142 3395 opoliensi,
1172 3315 1299 3395 egregie

160 3415 399 3482 demonstravit.

248 3520 354 3583 Habes
377 3527 544 3602 praeterea
560 3537 624 3598 qua
647 3517 730 3582 hunc
745 3517 873 3598 quidem
896 3517 937 3581 de
952 3536 1053 3600 comp.
1073 3519 1159 3582 verb.
1185 3519 1299 3583 librum

161 3621 446 3706 corrigerepossis
470 3621 641 3704 epitomarn
665 3641 682 3684 e
707 3619 907 3686 Germanicis
930 3619 1087 3703 exemplis
1111 3621 1210 3685 trihus
1232 3621 1301 3684 Mo-

162 3725 303 3802 naeensi,
336 3744 397 3806 quo
420 3723 532 3788 ecdem
556 3723 722 3789 Goellerus
748 3743 824 3788 usus
847 3728 907 3803 est,
939 3722 1163 3806 Rehdigerano
1185 3725 1302 3788 Darni-

233 3915 250 3975 1)
271 3911 401 3981 Dionysii
415 3912 671 3966 Halicarnassensis
684 3913 718 3965 de
732 3911 933 3978 compositione
947 3913 1094 3966 verborum
1114 3912 1184 3966 liher
1197 3912 1301 3967 Graece

162 4005 191 4051 et
210 3997 308 4052 Latius
327 4013 387 4050 curn
412 3999 534 4064 priorum
554 3999 690 4050 editorum
715 3999 829 4066 suisque
850 3997 1080 4051 adnotationibus
1099 3999 1187 4053 edidit
1207 3998 1302 4053 Godo-

161 4081 258 4138 fredus
283 4084 421 4137 'llcnricus
446 4083 587 4138 Selrneser.
632 4083 779 4138 Accedunt
803 4083 929 4136 eiusdem
955 4083 1130 4138 meletemata
1155 4086 1252 4139 critica
1276 4087 1303 4138 in

163 4169 292 4240 Dionysii
305 4177 357 4223 art
373 4170 473 4223 rhetor.
496 4185 557 4236 cap.
574 4167 681 4224 l—lv.
704 4169 815 4238 Lipsiae
835 4169 1076 4224 elolaieccvln
1111 4171 1121 4238 ll
1155 4171 1172 4232 ²)
1195 4169 1304 4242 Diony-

163 4257 198 4308 sii
212 4256 468 4310 halicarnassensis
486 4258 520 4310 de
540 4259 741 4324 compositione
757 4258 905 4311 vorborum
925 4256 996 4310 liber
1014 4271 1029 4309 o
1049 4259 1137 4326 copiis
1157 4258 1305 4312 bibliothe-

164 4358 212 4394 cae
232 4344 324 4410 regiae
344 4343 520 4396 Monacensis
539 4345 714 4398 emendatius
733 4343 823 4397 edidit
842 4342 886 4396 Fr.
903 4341 1025 4397 Goeller.
1056 4345 1137 4398 lenae
1153 4347 1225 4398 1815.
