3304 4928
607 430 651 440 -
697 391 793 475 [213]
842 355 881 440 ’-
962 472 964 480 ,
1278 395 1320 460 ee

261 585 297 650 1n
320 608 348 650 v.
372 585 437 650 549
462 579 682 672 ἀνδρειοτάτη
705 609 744 652 ex
768 587 934 652 Athenaeo
945 589 970 673 ¹)
994 587 1094 653 Suida
1116 587 1285 654 Eustethio
1295 590 1322 676 ¹)

171 699 300 759 auctore
323 691 462 776 Reisigio
484 715 542 776 pro
566 685 817 778 ἀνδρειοτάτων
846 695 989 760 eodisum
1017 693 1323 778 Aristophaneorum

171 787 353 864 restitutum
377 804 434 864 est.

263 905 418 970 Versnnm
448 906 512 970 704
537 907 601 971 705
630 906 744 972 Snidas
773 908 851 972 duas
880 907 1008 974 exhibet
1031 907 1162 985 formas,
1189 907 1323 974 alteram

173 1033 196 1075 s
215 1011 256 1095 gl.
284 1012 486 1096 Ψηφοφορία

306 1110 410 1202 Καάχὶ
432 1109 476 1204 μὴ
499 1113 675 1204 παύσησθε
700 1125 771 1184 τῶν
795 1117 1020 1205 ψηφισμάτων
1042 1123 1125 1206 πρὶν
1150 1115 1192 1186 άν

305 1231 366 1287 τοῦ
390 1223 528 1302 σκέλους
551 1216 665 1304 λαβὼν
690 1217 773 1308 ὑμᾶς
795 1248 845 1301 τις
868 1224 1086 1313 ἐκτραχηλίσῃ
1110 1225 1224 1293 θέλων
1235 1231 1271 1312 ³).

261 1331 417 1397 Omissnm
448 1352 523 1414 ergo
551 1336 620 1395 eret
646 1338 683 1395 ut
711 1332 743 1396 in
771 1331 811 1394 R⁰
839 1332 885 1396 sic
911 1333 944 1396 iu
968 1333 1085 1400 Suidee
1108 1332 1190 1399 libro
1213 1356 1322 1399 mann·

170 1437 289 1520 seripto
308 1432 452 1516 τούτων,
477 1443 509 1501 et
528 1429 642 1517 λαβών
663 1429 745 1522 ὑμᾶς
763 1459 812 1513 τις
820 1437 848 1522 ⁴)
873 1439 994 1521 pariter
1011 1445 1107 1524 atque
1130 1441 1163 1504 in
1186 1440 1226 1504 ΒΘ
1250 1463 1322 1506 ers-

171 1549 277 1608 ratum
310 1547 388 1608 erat
452 1543 501 1608 Ex
536 1545 694 1628 scriptura
726 1543 840 1608 θέλων
872 1552 981 1611 nutem
1013 1545 1174 1612 Bentleius
1206 1545 1322 1612 θένων

170 1645 372 1714 efficiendum
396 1669 463 1714 esse
486 1651 617 1726 monuit,
641 1649 726 1733 quod
750 1670 821 1716 oum
844 1651 885 1716 ad
909 1651 1002 1716 huius
1025 1653 1138 1718 cantici
1160 1653 1323 1736 ingenium

170 1755 282 1819 melius
310 1755 468 1838 quadrare
496 1755 661 1822 uideretur
687 1777 782 1840 quem
809 1758 897 1822 mitis
924 1758 981 1823 illa
1007 1779 1068 1822 uox
1096 1758 1210 1844 φέρων
1233 1759 1321 1826 mdi-

169 1881 250 1937 cum,
273 1868 305 1926 et
328 1861 498 1945 probatum
521 1867 570 1928 est
593 1862 733 1928 Persono
757 1869 789 1927 et
812 1869 973 1948 receptum
996 1885 1016 1928 u
1038 1865 1154 1930 Bothio
1179 1887 1321 1931 necnon

169 1967 295 2051 Engero
318 1970 436 2034 arrisit.
482 1966 595 2034 Altera
616 1975 723 2034 sutem
745 1970 860 2035 horum
883 1991 1032 2036 uersuum
1055 1971 1157 2037 forma

303 2086 345 2159 οὗ
366 2085 411 2180 μὴ
434 2089 610 2180 παύσησθε
636 2100 706 2157 τῶν
729 2088 966 2180 ψηφισμάτων,
989 2094 1071 2179 πρὶν
1095 2086 1137 2160 άν

306 2191 388 2285 ὑμᾶς
410 2209 473 2264 τοῦ
499 2199 638 2276 σκέλους
660 2195 775 2280 λαβών
798 2224 848 2277 τις
872 2198 1099 2286 ἐκτραχηλίσῃ,

169 2345 303 2407 qnorum
326 2324 495 2390 uerborum
518 2325 675 2408 principio
694 2325 875 2390 trimetrum
893 2322 1063 2389 iambicum
1081 2325 1321 2408 lexicographns

169 2431 334 2496 affectasse
352 2431 488 2507 uidetur,
511 2431 604 2496 simu]
624 2431 872 2496 luculentissime
891 2437 1033 2514 apparet,
1052 2435 1171 2513 quauta
1188 2429 1321 2495 libidine

169 2545 351 2624 quanteque
386 2538 508 2604 inentia
541 2538 655 2603 Suidns
692 2545 806 2622 poetae
839 2537 950 2604 comici
981 2557 1091 2602 uersus
1123 2537 1157 2602 in
1189 2537 1321 2602 sehedas

169 2645 428 2729 transsumpserit
452 2650 483 2709 et
506 2645 539 2708 in
563 2645 727 2710 condendo
749 2643 850 2710 lexico
873 2643 1068 2709 trectauerit.

260 2857 319 2921 His
342 2857 441 2940 igitur
468 2857 619 2942 exemplis
647 2879 685 2922 ex
709 2857 899 2942 Lysistratus,
927 2856 1016 2920 cuius
1044 2855 1170 2920 fabulae
1193 2855 1321 2918 omnino

101 3027 107 3042 ,
169 2983 279 3028 uersus
308 2962 429 3028 27411.
454 2965 617 3046 equints
644 2963 711 3028 fere
739 2965 837 3030 totins
850 2964 1045 3032 ,comoediae
1072 2983 1146 3045 pars
1173 2962 1321 3036 citantur,

161 3069 303 3152 ,prolatis
326 3075 361 3134 et
382 3069 506 3134 nolletis
529 3071 696 3154 seripturis
720 3069 869 3135 Suidsnis
893 3091 965 3136 eum
986 3069 1130 3134 oudinum
1152 3065 1321 3149 generibus

170 3175 197 3240 R
225 3181 258 3240 et
285 3173 403 3242 Bona
426 3176 570 3241 uidemus
596 3177 639 3242 ad
665 3183 812 3242 neutrum
835 3175 978 3241 codicum
1000 3175 1154 3240 ismilism
1176 3195 1229 3238 eas
1253 3193 1321 3238 esse

170 3281 445 3359 referendas,sed
468 3284 560 3348 utin
584 3281 754 3366 Equitibus
776 3282 913 3366 probare
940 3268 1046 3348 eonati
1073 3303 1189 3358 snmus,
1213 3281 1320 3364 singn-

168 3389 245 3454 lnris
271 3389 415 3458 eodicum
442 3387 582 3454 familiae
608 3391 698 3472 quasi
725 3390 882 3472 specimen
912 3389 1008 3454 fnisse
1035 3387 1152 3454 Suidse
1180 3388 1320 3452 eodiesm

170 3495 215 3560 xl
247 3494 427 3560 fabularum
454 3495 690 3579 Aristophanis,
721 3495 867 3578 quamuis
894 3497 926 3559 in
955 3494 1133 3580 Lysistrete
1160 3493 1320 3558 Snidanae

170 3602 320 3666 lectiones
343 3603 473 3685 propius
496 3625 517 3668 a
539 3603 580 3665 R⁰
603 3623 696 3686 qnam
719 3621 739 3666 a
761 3599 880 3666 BOLA
903 3602 1016 3666 absint.

244 3795 528 3865 emmam

241 3883 614 3954 nmmmmmm

241 3972 262 4032 ’λ
283 3968 485 4042 ἐκτραχηλίσαι
506 3971 601 4027 θέλων
620 3973 697 4027 ΟΒΕ.

241 4061 262 4126 ⁴)
281 4062 352 4116 hsec
366 4061 505 4130 scripture
521 4077 570 4131 pro
585 4055 657 4128 ὑμᾶς
671 4055 768 4134 λαβών
784 4081 828 4127 τις
846 4063 977 4123 codicum
989 4058 1065 4113 Bon
1076 4053 1328 4127 probstsssentleio

170 4150 290 4204 Perseus
310 4149 436 4204 Dobreeo
456 4149 634 4205 confirmetur
651 4149 831 4222 antistropha
851 4151 926 4223 (681)
949 4139 1173 4222 ἐγκαθαρμόσαι
1191 4137 1329 4212 λαβόντας

169 4240 283 4292 τουτονὶ
302 4233 355 4292 τὸν
373 4233 486 4307 αὐχένα.

643 4419 860 4433 -ν
