3280 4934
330 371 374 438 se
776 411 817 420 -
864 373 938 457 [eo]
986 409 1026 421 -

330 568 405 634 nino
426 587 489 634 non
511 573 587 651 epta
608 567 713 634 fuisse.
759 567 954 652 Quamquam
977 567 1017 634 de
1035 567 1095 633 bac
1116 589 1151 633 re
1169 567 1338 653 disceptari
1360 575 1472 651 potest

329 674 538 759 Antiquitatis
577 675 661 740 enim
701 673 843 740 homines
884 675 961 757 quin
1006 675 1046 740 de
1090 675 1151 741 hoc
1190 677 1319 759 po'e'scos
1359 695 1472 759 genere

329 783 422 848 aliter
453 780 609 848 senserint
639 785 736 874 atque
767 787 877 848 nostra
908 787 996 848 aetas
1028 781 1137 866 procul
1165 781 1262 848 dubio
1289 787 1345 848 est
1391 782 1471 860 Quin

329 891 424 956 etiam
451 911 514 974 quo
542 887 694 972 probetur
717 888 750 952 in
778 887 958 954 litterarum
980 887 1071 954 ludos
1095 889 1295 956 collectiones
1317 889 1472 973 Theogni-

329 997 406 1064 deas
429 996 504 1064 olim
525 1001 671 1078 receptas
693 993 800 1072 fuisse,
822 995 1086 1080 argumento-illo
1109 997 1158 1061 uti
1176 996 1286 1080 possis,
1308 998 1392 1082 quod
1410 999 1471 1062 col-

328 1104 499 1171 lectionum
521 1102 649 1167 illarum
671 1102 826 1186 quaedam
849 1103 890 1168 ad
913 1103 1063 1168 similium
1085 1103 1310 1170 vocabulorum
1332 1105 1472 1170 ordinem

329 1213 496 1277 videantur
518 1208 615 1275 fuisse
637 1209 838 1292 compositae.
885 1208 931 1274 Ut
958 1210 1041 1274 enirn
1069 1230 1238 1294 puerorum
1265 1211 1417 1278 memoria
1440 1213 1474 1274 in
1598 1236 1600 1306 χ

329 1317 505 1384 ediscendis
529 1315 720 1381 carminibus
743 1337 801 1382 nec
823 1316 888 1382 ullo
911 1317 1060 1383 continuo
1083 1317 1194 1382 ordine
1213 1319 1399 1402 conscriptis
1416 1339 1475 1383 nec
1600 1348 1601 1380 l

329 1431 439 1511 aperto
458 1423 685 1490 sententiamm
703 1444 786 1488 nexu
804 1422 959 1507 copulatis
975 1425 1190 1501 adiuvaretur,
1208 1423 1376 1490 artificium
1395 1424 1475 1490 illud
1601 1406 1603 1490 l

329 1531 382 1598 filo
419 1530 555 1616 quodam
595 1535 749 1613 perpetuo
787 1530 912 1613 singula
947 1531 1157 1616 coniungendi
1193 1527 1370 1598 adhibitum
1407 1549 1475 1596 esse
1604 1574 1605 1590 ,

330 1638 506 1722 suspiceris.
562 1635 658 1702 Cuius
693 1637 809 1702 miselli
845 1635 972 1704 artificii
1003 1639 1137 1722 vestigia
1174 1645 1298 1704 nostras
1334 1658 1475 1704 semesae
1605 1630 1607 1702 Ϊ

329 1745 466 1830 syllogus
493 1750 525 1810 et
548 1743 704 1810 Welclreri
732 1751 764 1810 et
787 1743 959 1810 Nietaschii
986 1746 1266 1812 commentationes
1293 1747 1370 1811 satis
1392 1745 1476 1810 dilu-

330 1852 399 1918 cide
430 1857 630 1938 aperuerunt
680 1851 792 1935 ltaque
823 1872 1014 1936 quamquam
1045 1857 1173 1918 nostrae
1205 1852 1405 1919 collectiones
1437 1875 1477 1918 ex
1610 1911 1611 1920 ,

330 1959 517 2044 archetypis,
540 1959 594 2042 qui
613 1979 633 2022 a
650 1960 865 2042 grammaticis
882 1960 924 2025 ed
943 1960 1154 2026 instituendos
1171 1979 1286 2044 pueros
1305 1961 1474 2044 conscripti

330 2067 406 2130 olim
428 2065 564 2142 fuerant,
587 2071 753 2149 excerptae
775 2066 937 2143 videntur,
963 2073 1069 2132 tamen
1092 2067 1188 2150 ipsae,
1210 2087 1289 2150 quas
1312 2089 1396 2132 nunc
1417 2067 1476 2132 ha-

329 2172 452 2250 bemus,
483 2179 591 2238 utrum
622 2171 706 2238 idem
738 2173 950 2256 spectaverint
981 2195 1023 2238 an
1054 2173 1142 2238 aliud
1169 2175 1273 2240 nescio
1301 2174 1392 2258 quid,
1423 2174 1477 2238 vix

330 2279 511 2346 coniciendo
534 2279 664 2362 adsequi
688 2281 869 2364 poterimus.

855 2589 927 2671 lX.

420 2815 582 2880 Postremo
592 2813 727 2878 alterum
742 2813 913 2898 elegiarum
929 2812 1054 2891 librum,
1068 2814 1121 2896 qui
1138 2813 1170 2878 in
1185 2833 1248 2878 uno
1262 2813 1369 2879 codice
1378 2811 1478 2878 Muti-

332 2924 419 2988 nensi
443 2927 584 2988 serratus
607 2925 668 2997 est,
696 2919 879 2986 brevissime
901 2920 1156 3004 contemplemur.
1208 2919 1295 2985 Haec
1316 2921 1477 3004 fragmen-
1595 2979 1601 2995 ,

331 3036 436 3094 torum
451 3028 570 3113 sylloge
585 3049 622 3092 co
632 3027 830 3110 potissimum
843 3047 863 3092 a
877 3028 982 3111 priore
996 3025 1079 3092 libro
1090 3027 1256 3111 discrepat,
1271 3027 1354 3112 quod
1365 3049 1477 3112 quam·

331 3157 426 3220 quam
449 3135 573 3220 singula
594 3135 627 3199 in
651 3154 688 3199 eo
711 3133 890 3218 fragmenta
907 3135 1010 3199 minus
1031 3139 1106 3218 apte
1124 3133 1310 3218 plerumque
1328 3140 1479 3218 congesta

332 3247 417 3319 sunt,
444 3243 550 3308 omnia
576 3242 739 3307 tamenin
763 3243 871 3307 eodem
897 3241 962 3307 fere
984 3249 1171 3324 argumento
1194 3247 1371 3318 versantur,
1399 3262 1477 3325 pue-

332 3371 438 3416 rorum
465 3369 586 3414 amore:
617 3355 655 3415 ut
681 3349 734 3415 hic
756 3347 838 3413 liber
865 3351 985 3413 Μοῦσα
1007 3344 1145 3434 παιδικὴ
1173 3371 1193 3414 a
1220 3347 1384 3414 Welckero
1411 3368 1475 3412 non

332 3457 448 3522 iniuria
466 3457 643 3541 appellatus
662 3457 712 3522 sit.
749 3456 865 3539 Incipit
883 3459 990 3520 autem
1008 3455 1094 3520 adei
1107 3447 1251 3540 Ἔρωτος
1265 3454 1477 3529 invocatione;

331 3565 364 3627 in
388 3563 433 3629 eis
456 3585 535 3648 quaa
559 3567 733 3648 sequuntur
760 3561 945 3646 fragmentis
968 3562 1113 3644 plurimis
1135 3583 1233 3646 puero
1256 3567 1361 3628 amato
1384 3583 1476 3645 prae·

332 3677 424 3754 cepta
446 3672 562 3736 dantur
585 3669 748 3746 amatoria,
772 3668 923 3734 immixtis
946 3671 1111 3735 sententiis
1133 3668 1293 3746 nonnullis
1311 3669 1352 3734 de
1370 3687 1477 3734 amore

332 3776 538 3842 sollemnibus
561 3776 631 3862 (cir.
659 3795 685 3840 e.
714 3797 741 3860 g.
767 3775 1010 3863 1275-1278)
1034 3783 1066 3842 et
1089 3776 1197 3860 elegiis
1220 3777 1261 3841 ad
1284 3773 1478 3841 Simonidem

332 3885 479 3959 conditis3
506 3875 549 3949 ad
570 3882 707 3967 Cyrnum
730 3882 866 3966 denique
889 3882 998 3967 scripti
1021 3890 1095 3948 sunt
1117 3903 1225 3948 versus
1250 3881 1478 3948 less-1356.

283 4030 286 4046 ι
333 3991 520 4072 Plerumque
542 3997 648 4054 tamen
670 4009 733 4055 non
756 3996 861 4056 certae
884 4011 1037 4074 personae
1055 3990 1088 4054 in
1106 3989 1298 4056 carminibus
1315 3989 1478 4074 appellan-

332 4105 398 4174 tur,
430 4098 485 4162 sed
513 4097 602 4162 nullo
630 4097 771 4163 exhibito
804 4099 930 4164 nomine
957 4117 1037 4182 puer
1064 4104 1187 4163 amatus
1215 4096 1319 4162 verbis
1351 4086 1380 4163 ὦ
1407 4111 1479 4164 παῖ.

421 4203 553 4288 Singula
587 4204 682 4271 huius
718 4204 792 4270 libri
823 4206 1001 4289 fragmenta
1031 4225 1104 4269 cum
1135 4204 1364 4270 sententiarum
1394 4225 1478 4268 nexu

332 4311 434 4378 laxius
461 4311 544 4376 inter
571 4333 605 4378 se
631 4311 834 4391 cohaereant,
866 4317 996 4380 externe
1023 4310 1246 4377 vocabulorum
1273 4311 1398 4377 vinculo
1425 4333 1479 4378 co-

271 4472 275 4480 .
333 4440 413 4484 riexa
440 4439 478 4484 ea
504 4439 571 4484 esse
599 4419 814 4486 demonstrare
842 4419 965 4485 studuit
987 4417 1193 4484 Nietuschius.
1238 4417 1349 4500 Neque
1372 4423 1480 4484 tamma
