3304 4928
223 509 227 516 ¹
343 413 386 476 aa
776 453 816 462 -
864 413 960 498 [nc]
1008 451 1050 463 -

430 607 540 690 Neque
562 608 656 674 aliter
678 610 712 674 in
735 629 762 674 v.
785 609 850 673 602

695 712 883 800 ῥυππαπαῖ,
911 718 961 793 τίς
984 714 1134 799 turtulam

342 843 381 888 ex
412 822 544 900 scholio,
581 845 643 905 quo
676 823 882 907 epiphonema
919 819 1071 888 ἱππαπαῖ
1106 826 1205 888 instar
1236 824 1488 908 epiphonematis

342 925 523 1014 ῥυππαπαῖ
543 927 583 994 ab
604 929 816 1014 Aristophane
834 931 1002 995 formatum
1022 951 1090 995 esse
1108 931 1285 1014 exponitur,
1307 927 1491 1016 ῥυππαπαῖ

342 1036 469 1120 irrepsit
494 1038 516 1121 ).
745 1111 750 1120 ¹

423 1161 529 1258 'Porro
552 1164 584 1225 in
607 1184 633 1226 v.
658 1162 737 1226 909:

417 1259 502 1347 ἰδοὺ,
531 1267 628 1352 δέχου
651 1267 774 1354 κέρκον
798 1261 899 1353 λαγὼ,
927 1259 1013 1335 δι’στε
1036 1263 1096 1346 τὰς
1119 1266 1222 1356 λήμας
1244 1281 1401 1354 περιψεῖν

342 1374 441 1442 uerba
463 1365 550 1440 ὥστε
571 1367 632 1453 τὰς
649 1372 752 1462 λήμας
774 1388 930 1461 περιψεῖν
954 1398 992 1440 ex
1015 1376 1144 1452 scholio,
1167 1377 1251 1459 quod
1273 1378 1306 1440 in
1325 1377 1486 1442 codicibus

349 1483 406 1546 Vs
433 1503 557 1566 quoque
589 1488 750 1548 seruatum
777 1488 838 1560 ost,
868 1485 992 1549 intrusa
1022 1483 1190 1568 genuinam
1222 1484 1388 1549 lectionem
1419 1476 1486 1548 τοδ-

341 1590 536 1674 pertualdo
555 1597 700 1676 περιψῆν
719 1589 788 1654 loco
806 1597 986 1666 mouerunt;
1005 1591 1176 1673 eodemque
1195 1592 1288 1655 modo
1306 1591 1339 1654 in
1358 1613 1403 1655 vv.
1418 1592 1486 1655 920

341 1697 402 1762 921
429 1696 508 1760 922ι

416 1794 614 1885 Ὑφελκτέον
637 1809 708 1868 τῶν
731 1799 846 1891 δᾴδων
868 1805 925 1869 καὶ
948 1797 1161 1891 ἀπαρυστέον
1188 1811 1260 1868 τῶν
1283 1812 1404 1890 κρεῶν,

341 1931 474 1993 qnorum
497 1911 633 1995 genuina
655 1911 756 1976 forma
777 1911 857 1977 haec
880 1917 941 1976 est:

951 2009 1136 2101 ὑφελκτέον

639 2131 710 2190 τῶν
735 2125 861 2190 δαλίων
870 2125 906 2212 ¹),
930 2117 1143 2210 ἀπαρυστέον
1168 2189 1174 2200 ,

641 2255 677 2296 τε
700 2239 770 2297 τῶν
794 2227 944 2299 α’πειλοῖιν
967 2233 1085 2315 ταυτῃὶ

341 2357 520 2440 corruptela
543 2359 626 2441 apud
652 2357 782 2422 Suidam
805 2359 879 2422 inde
902 2363 973 2422 orta
996 2364 1053 2434 cst,
1076 2358 1160 2441 quod
1183 2359 1216 2420 in
1235 2357 1353 2422 scholio
1372 2359 1483 2424 addito

341 2465 418 2530 hacc
440 2463 602 2547 leguntur:
626 2471 728 2529 τοῦτο
750 2471 909 2529 ποιοῦσιν
933 2455 1016 2528 ὅταν
1038 2460 1195 2546 παφλάζῃ
1216 2457 1234 2528 δ
1253 2463 1357 2550 λε’βης,
1382 2457 1482 2546 α’φαι-

337 2578 476 2656 ροῦντες
499 2569 536 2635 ἐκ
559 2578 630 2636 τῶν
652 2577 772 2657 κρεῶν.

428 2695 580 2760 Similiter
604 2698 635 2760 in
660 2717 705 2761 vv.
729 2696 794 2760 989
818 2695 898 2760 99οι

363 2795 428 2888 Τὴν
447 2803 590 2886 Δωριστὶ
607 2797 715 2888 μόνην
735 2794 899 2887 ἁρμονίαν
918 2793 1145 2887 ἁρμόττεσθαι
1160 2797 1254 2886 tulto
1268 2793 1329 2888 τὴν
1343 2799 1459 2887 λύραν,

338 2930 400 2974 uox
427 2901 591 2994 ἁρμονίαν
618 2908 740 2992 glossae
768 2909 903 2973 debetur
929 2909 1036 2974 uerbis
1063 2901 1125 2995 τὴν
1153 2910 1296 2994 Δωριστὶ
1323 2909 1397 2974 clim
1424 2909 1481 2973 ad-

338 3017 518 3100 scriptaei).
552 3015 712 3099 Syllaham
730 3023 837 3081 autom
856 3015 983 3080 breuem
1003 3037 1082 3100 quac
1101 3018 1300 3082 desideratur
1319 3017 1351 3082 in
1370 3039 1396 3080 v.
1415 3017 1481 3080 989

337 3128 422 3187 recte
441 3122 635 3206 suppleuisse
653 3121 780 3186 uidetur
799 3121 1021 3205 Bernhardyus
1038 3122 1099 3206 μὲν
1121 3130 1193 3206 post
1211 3117 1318 3209 μόνην
1336 3123 1481 3206 positam.

427 3247 506 3310 ltcm
534 3246 719 3310 1129-30:
748 3249 873 3312 Τοῦτον
898 3238 937 3324 δ’,
962 3237 1044 3310 ὅταν
1067 3235 1087 3330 ᾖ
1110 3245 1230 3325 πλέως,

742 3349 952 3429 ταπεινώσας
976 3348 1124 3434 ἐπάταξα

339 3517 378 3526 -
412 3471 494 3564 δρας
531 3470 678 3558 ἐπάταξα
709 3499 779 3542 cum
816 3477 976 3542 codicibus
1009 3477 1248 3560 Aristophanem
1281 3476 1479 3543 scribendum

337 3591 386 3650 est
405 3623 444 3632 -
466 3581 675 3662 ταπεινώσας
693 3584 827 3649 debetur
846 3584 978 3650 scholio:
1007 3576 1082 3649 lari
1095 3591 1158 3648 τοῦ
1175 3583 1308 3670 γένηται
1327 3579 1478 3666 φαεινός·

374 3801 550 3809 ---—-——

412 3943 429 4006 1)
453 3941 581 3996 Ceterum
606 3955 623 3994 a
645 3939 729 3995 Suida
757 3939 869 3994 uocibus
894 3937 1046 4009 ῥυππαπαῖ
1066 3947 1095 3994 ct
1117 3937 1245 3994 lacunar·
1260 3947 1366 3995 rectum
1394 3939 1479 3995 tribui

337 4039 480 4084 accentum
509 4028 714 4084 circumflexum
742 4035 813 4084 teste
842 4027 999 4084 Herodiano
1023 4031 1045 4094 (Ι
1069 4047 1113 4098 pg.
1137 4031 1199 4094 502)
1227 4029 1320 4084 docuit
1342 4029 1479 4085 Aemilius

337 4119 455 4174 Schinck
475 4119 502 4172 in
523 4118 630 4184 libello,
655 4135 736 4188 quem
755 4117 868 4188 scripsit
886 4117 920 4172 dc
940 4117 1161 4174 interiecticuum
1180 4119 1478 4188 epiphonematumque

337 4207 365 4262 ui
384 4215 469 4276 atque
488 4224 537 4262 usu
556 4208 630 4276 apud
649 4207 861 4276 Aristophanem
882 4211 935 4275 (pg.
956 4209 1007 4272 26).

410 4296 430 4364 ¹)
449 4296 569 4351 correxit
583 4296 738 4364 Bentleius;
753 4295 862 4350 codices
877 4289 969 4370 δᾴδων
983 4295 1104 4358 RVPM,
1123 4291 1307 4366 odtmijfirl,
1325 4297 1428 4350 onolton
1442 4297 1477 4349 A.

408 4386 428 4450 8)
447 4386 482 4442 de
500 4386 553 4442 hac
572 4385 659 4456 ligura
678 4384 860 4456 etymologica
874 4383 1005 4440 nonnulla
1023 4385 1166 4441 aduolauit
1181 4385 1336 4441 Lobcckius
1355 4384 1476 4455 Paralip.

336 4492 380 4545 pg.
401 4477 460 4528 521.
