3262 4926
620 414 837 473 ..15-

161 617 261 664 causa
283 598 392 682 aliqua
412 599 538 665 ratione
559 605 684 665 mutata
705 599 782 682 sint,
809 599 850 666 de
873 601 990 668 lectore
1018 601 1075 666 illo
1104 600 1296 687 philosopho

159 709 287 767 auctore
310 701 445 786 cogitari
468 723 532 768 non
555 723 661 787 posse.
709 704 750 769 Et
778 703 933 769 babemus
963 724 1060 769 unum
1091 705 1214 786 locum,
1241 704 1295 770 ubi

160 807 464 891 »interpolatorem«
487 812 520 873 et
542 831 555 867 u
563 808 732 872 lectorem«
755 827 820 871 una
841 826 1035 890 cognoscere
1053 807 1227 892 possimus,
1251 808 1297 872 ita

161 909 305 993 quidem,
339 917 373 975 ut
401 910 453 975 bic
482 911 570 976 illius
600 909 837 995 interpolationi
867 930 963 975 onom
992 931 1119 976 versum
1149 911 1292 977 adderet.

159 1012 232 1090 Qua
247 1012 286 1078 de
303 1033 336 1078 re
352 1013 533 1078 accuratius
547 1013 632 1078 infra
646 1033 752 1098 agana
775 1013 829 1077 ubi
845 1013 885 1078 ds
901 1014 1047 1079 versibus
1063 1015 1104 1095 11,
1127 1016 1295 1079 1013-22

160 1115 312 1181 iudicium
337 1115 519 1182 laciendum
544 1118 604 1184 erit
632 1125 695 1202 (pg.
723 1120 764 1180 48
788 1123 885 1200 sqq.}.

699 1435 755 1516 ΙΙ.

248 1634 295 1699 Dc
311 1634 357 1700 eis
374 1634 606 1716 iterationibus,
623 1655 707 1717 quae
722 1635 764 1700 ab
780 1633 941 1700 editore
956 1634 1176 1700 carminum
1192 1633 1297 1700 iactae

160 1744 243 1816 sont,
270 1737 453 1822 expositore
476 1738 601 1803 initium
625 1738 817 1822 capiendum
840 1745 891 1803 est
912 1761 933 1804 a
955 1739 1024 1803 loco
1046 1737 1125 1804 viris
1147 1737 1249 1802 doctis
1264 1737 1296 1801 in

160 1841 234 1906 crisi
259 1841 521 1906 Lucretianomm
543 1843 719 1908 carminum
743 1842 880 1908 versatis
903 1841 1080 1907 notissimo.
1128 1841 1166 1905 In
1194 1841 1298 1924 quarti

160 1945 244 2009 enim
268 1944 340 2008 libri
363 1931 524 2028 prooemio
550 1945 696 2011 versibus
728 1949 851 2008 1-25
884 1951 1071 2028 repetuntur
1102 1944 1173 2008 libri
1203 1944 1297 2027 primi

161 2067 272 2112 versus
295 2050 455 2128 etl-50,
482 2048 544 2113 nisi
568 2048 651 2131 quod
675 2051 748 2112 949.
776 2054 816 2112 50

665 2152 739 2214 dom
755 2149 913 2233 peropimis
935 2171 1054 2213 omnem

332 2260 478 2316 notorum
501 2275 617 2329 rerum,
643 2275 704 2337 qum
726 2262 845 2317 constet
866 2262 1020 2335 comptu
1029 2252 1144 2336 fiqura
1219 2259 1222 2267 '

162 2353 205 2418 ibi
228 2353 275 2418 ita
298 2354 410 2420 mutati
432 2363 520 2420 sunl:

661 2459 735 2521 dum
752 2456 893 2540 percipis
916 2478 1035 2520 omnem

330 2568 478 2624 notorum
502 2581 608 2624 reram
630 2585 668 2624 ac
685 2560 844 2644 persentio
865 2559 1046 2623 utilitatem.

162 2668 207 2731 Ac
232 2675 316 2732 recte
339 2668 461 2733 monuit
484 2668 709 2733 Lachmannus
732 2686 772 2732 ex
802 2687 842 2732 ea
871 2666 1046 2731 mutatione
1076 2664 1300 2731 elucerc'ver-

161 2790 216 2834 sus
240 2791 304 2850 eos,
331 2771 385 2853 qui
408 2771 441 2835 in
464 2778 576 2854 quarto
599 2770 679 2836 libro
703 2776 878 2854 sequuntur
900 2770 933 2834 in
957 2768 1120 2834 codicibus

291 2883 384 2958 atquo
407 2874 507 2938 animi
526 2873 673 2959 quonium
695 2874 788 2936 docui
807 2881 924 2936 oraturo
948 2872 1025 2956 quid
1045 2879 1126 2935 esset

293 2987 325 3042 et
346 2979 458 3062 quibus
480 3001 496 3040 e
518 2978 610 3042 rebus
632 2999 702 3040 cum
724 2998 855 3058 corpore
876 2982 1031 3058 comptu
1053 2974 1182 3058 ciperet,

161 3081 250 3165 prius
278 3081 414 3166 scriptos
437 3100 510 3146 csse
536 3079 677 3146 exordio.
725 3080 810 3144 Nem
840 3099 912 3144 oum
944 3077 1024 3143 baec
1052 3077 1184 3141 mutatio
1213 3074 1300 3139 nullo

162 3184 226 3249 alio
249 3184 382 3250 consilio
404 3184 491 3249 facta
514 3203 586 3249 esse
609 3182 767 3262 videatur,
793 3203 888 3264 quam
913 3200 953 3244 nc
970 3181 1102 3246 verbnm
1119 3188 1243 3262 comptu
1266 3179 1299 3243 in

161 3288 249 3352 exitu
264 3287 397 3353 duorum
415 3309 454 3352 ao
471 3307 572 3370 paene
594 3305 630 3351 se
652 3285 877 3369 excipientium
902 3303 1050 3348 versuum
1074 3283 1247 3364 legeretur,
1273 3282 1301 3345 si

161 3390 296 3474 primunr
310 3399 405 3474 poeta
415 3390 610 3474 prooemium
624 3389 810 3473 scripsisset
823 3387 855 3450 in
867 3406 970 3468 eoque
983 3405 1096 3451 versus
1110 3385 1134 3465 1,
1151 3388 1301 3448 ouo-50

162 3495 356 3578 repetiisset,
383 3514 439 3558 cur·
462 3493 605 3558 ultimum
630 3491 740 3556 horum
768 3511 916 3556 versuum
942 3487 1129 3566 mutaverit,
1156 3487 1301 3569 intellegi

163 3597 288 3678 stertuit,
320 3597 470 3680 quoniam
497 3603 720 3678 argumentum
747 3594 815 3660 eins
844 3592 941 3657 etiarn
971 3599 1084 3674 quarto
1114 3591 1196 3655 libro
1224 3610 1300 3655 con-

162 3700 325 3766 veniebat:
354 3701 449 3763 immo
472 3700 647 3765 secundum
671 3697 751 3763 illud
770 3704 895 3780 compto
910 3695 1081 3760 omisisset.
1122 3695 1193 3759 Huc
1208 3713 1302 3758 acce-

161 3803 222 3882 dit,
250 3803 335 3886 quod
358 3823 469 3867 versos
494 3806 628 3866 ‘lb—ll
657 3801 819 3867 artissime
842 3820 914 3864 cum
939 3799 996 3876 cis,
1031 3817 1114 3880 quac
1141 3803 1238 3862 antea
1259 3796 1301 3861 de

161 3907 269 3971 anima
291 3905 528 3990 disputaverat,
554 3905 703 3969 conexuit
730 3908 821 3985 (nuuc
844 3924 939 3984 opero
959 3901 1193 3984 inopinabili,
1218 3901 1303 3984 quod

162 4017 317 4072 venerarer
339 4010 383 4071 ort
403 4009 461 4070 lires
482 4029 533 4070 res·
556 4008 695 4084 Arrium
732 4015 829 4088 atque
852 4005 948 4069 ctiam
973 4007 1110 4067 37-41
1143 4003 1185 4067 ad
1207 4022 1300 4068 exor-

161 4111 247 4176 dium
271 4111 356 4177 tcrtii
381 4111 452 4175 libri
475 4111 665 4194 pertinent];
691 4110 723 4174 in
747 4108 851 4191 quinti
876 4127 952 4173 vero
975 4106 1047 4172 libri
1070 4106 1231 4190 prooemio
1247 4125 1297 4186 ca,

161 4234 244 4295 quae
259 4214 291 4278 in
308 4215 389 4279 libro
405 4215 499 4279 tertio
515 4221 548 4278 et
562 4221 677 4295 quarto
693 4211 908 4286 continentur,
932 4218 966 4274 ut
981 4210 1065 4275 inter
1081 4230 1116 4275 se
1132 4209 1302 4274 coniuncto

162 4323 387 4383 commemoret
409 4323 519 4401 poeto:
