3262 4926
635 391 852 452 -59..

173 576 263 643 haud
285 575 551 642 mutemuendum
572 575 769 660 praesidium
784 575 919 657 aceedit,
938 575 1197 661 quandoquidem
1212 577 1312 644 inter-

176 679 352 765 polatorem
375 680 442 746 7717
465 679 709 746 eoustruotionis
733 679 846 746 vitium
868 679 980 764 fugere
1001 680 1114 764 potuit.
1139 717 1183 728 --

259 815 324 883 Sed
340 815 382 882 ad
397 817 495 882 sliam
510 817 712 882 iterationem
728 817 845 883 seriem
861 817 1063 898 accedamus,
1092 817 1183 883 ouius
1199 837 1309 883 exem-

175 919 246 1003 plar
267 939 306 986 ao
329 919 400 986 fons
423 927 473 986 est
495 919 521 1004 1,
549 921 714 984 789-93:
1057 901 1063 920 '

319 1024 403 1107 quod
412 1023 529 1110 secere
551 1021 638 1087 777777
659 1022 723 1086 ulto
746 1023 857 1086 debent
875 1022 1053 1104 primordia
1068 1031 1178 1106 paeto.

320 1125 513 1189 immrrtetrie
536 1125 617 1189 enim
640 1125 789 1210 quiddam
811 1147 960 1208 superare
981 1133 1144 1203 necessest,

318 1247 356 1292 77
377 1249 429 1292 reo
451 1229 495 1292 ad
514 1229 614 1292 ndum
636 1228 821 1313 rediparrtur
833 1228 989 1314 funditus
1011 1249 1136 1293 omnes.-

318 1353 391 1395 7777
414 1331 624 1415 quodnamque
646 1331 712 1394 suis
733 1339 885 1395 7777777777
895 1331 1021 1416 finitus
1043 1330 1117 1409 7777,

318 1433 462 1498 continuo
485 1433 543 1497 1777
564 1455 648 1498 mors
670 1442 717 1498 777
738 1433 824 1497 itlius
847 1433 1016 1520 quodfer!
1038 1442 1121 1498 7777.

175 1535 243 1601 Eoo
265 1535 350 1600 enim
373 1535 444 1601 loeo
459 1535 627 1602 Lueretius
644 1555 753 1601 eorum
768 1536 972 1614 sententiam,
989 1535 1043 1620 qui
1062 1555 1103 1601 ex
1119 1536 1208 1602 77717
1223 1536 1310 1602 eius-

174 1657 235 1721 que
257 1637 385 1721 ignibus
407 1657 484 1703 7777
504 1639 639 1704 imbrem
661 1647 777 1705 terrum
801 1637 904 1704 creari
927 1623 1097 1721 omnisque
1119 1637 1160 1703 ad
1187 1638 1311 1704 caelum

174 1738 278 1805 redire
300 1759 338 1805 ao
360 1747 516 1826 perpetuo
539 1740 656 1807 oiroulo
679 1740 807 1824 singula
828 1739 939 1806 mundi
969 1740 1112 1807 membre
1139 1740 1312 1807 sustentari

174 1849 298 1928 putent,
314 1842 443 1921 refutat,
458 1863 529 1909 oum
542 1851 675 1910 7777777
685 1843 860 1928 primordie
871 1844 987 1909 mutari
999 1864 1063 1910 non
1074 1863 1171 1929 posse
1183 1842 1307 1910 dooeut.

175 1947 222 2010 Ao
244 1953 330 2012 reete
352 1946 492 2028 quidem.
540 1947 638 2012 Falso
661 1945 709 2010 illi
727 1965 839 2012 vorsus
862 1945 990 2030 repetiti
1012 1945 1142 2011 suntin
1165 1945 1312 2012 versibus

624 2049 671 2130 11,
699 2051 859 2113 res-so.

359 2155 515 2231 (rso-54
539 2183 582 2208 =
604 2153 629 2234 1,
657 2155 821 2226 rso-os
850 2155 912 2216 777
936 2181 978 2208 =
1001 2152 1025 2228 1,
1053 2155 1126 2232 777)

375 2257 474 2318 omnis
496 2255 577 2319 enr'm
600 2255 686 2320 color
708 2254 831 2320 omnino
853 2263 995 2319 77777777·
1017 2262 1048 2317 77
1069 2254 1189 2330 omnis,-

178 2437 186 2446 ·
286 2361 347 2422 750
371 2359 582 2445 quodsacere
604 2358 775 2422 7777777717
798 2357 910 2421 debent
926 2355 1106 2439 primordia
1123 2367 1230 2439 paeto.

375 2459 568 2524 immutabile
591 2460 672 2524 enim
695 2459 844 2546 7777177777
866 2481 1016 2543 seperare
1037 2467 1199 2541 necessest,

374 2585 413 2627 77
434 2585 485 2627 777
508 2565 552 2627 ad
571 2563 670 2627 nilum
692 2563 876 2648 rediqantur
889 2560 1045 2646 funditus
1068 2583 1190 2625 omnes.-

374 2689 447 2730 nom
470 2667 682 2751 quodcumque
704 2667 770 2730 seio
792 2673 946 2730 7777777777
955 2664 1082 2750 finibus
1103 2665 1177 2742 exit,

375 2769 520 2833 contineo
542 2767 599 2831 hoe
620 2791 704 2832 77777
726 2778 774 2832 777
795 2769 882 2832 itlius
905 2769 991 2853 quod
999 2768 1076 2854 suit
1097 2775 1180 2838 7777.

286 2875 348 2935 755
368 2871 503 2955 prorirde
525 2871 627 2936 colore
649 2894 723 2936 cave
746 2871 906 2956 contisque
928 2871 1046 2936 77777777
1068 2891 1183 2950 rerum,

374 2997 412 3038 77
436 2973 496 3038 tr'bt'
515 2996 565 3039 777
588 2975 717 3039 redeant
738 2975 783 3038 ad
802 2973 900 3038 nilum
911 2975 1068 3061 funditus
1090 2997 1204 3038 omnes.

178 3077 261 3142 Nam
283 3085 368 3144 totus
391 3077 443 3143 hio
465 3078 553 3143 loous
576 3098 598 3142 7
618 3077 765 3144 Lucretio
788 3078 926 3162 scriptus
949 3096 1021 3143 esse
1044 3077 1163 3160 nequit.
1212 3075 1313 3144 Doleo

177 3187 296 3258 eutem,
322 3181 407 3264 quod
429 3179 555 3246 initium
579 3181 649 3246 eius
671 3201 751 3247 sana
774 3180 931 3264 scripture
953 3187 1051 3260 77777,
1077 3200 1149 3245 oum
1165 3181 1263 3246 sorba
1285 3190 1315 3244 et

180 3284 278 3348 7777777
300 3284 455 3368 explicari
478 3285 691 3368 nonpossint.
732 3283 843 3367 Neque
861 3290 967 3348 tamen
983 3301 1098 3348 sensus
1113 3283 1224 3349 horum
1240 3303 1314 3350 ver-

179 3407 271 3453 suum
301 3389 455 3454 obscuros
485 3395 551 3469 est,
581 3407 676 3470 quem
699 3387 817 3471 optime
848 3385 997 3470 exposuit
1026 3385 1197 3468 Briegerus
1228 3386 1313 3468 (Phi-

179 3491 275 3573 lolog.
301 3489 404 3572 XXV,
430 3510 486 3575 pg.
512 3493 584 3572 ⁶91³
626 3489 877 3556 »Fsrbenbesitz
903 3489 946 3554 ist
968 3487 1025 3552 mit
1047 3488 1315 3554 Ferbenweohsel

179 3591 365 3657 verbunden
387 3591 452 3657 und
474 3591 580 3658 dieser
601 3591 688 3657 nieht
710 3590 793 3657 ohne
808 3589 1121 3673 Mitverwandelung
1138 3588 1196 3655 der
1210 3589 1315 3674 Dirrge

179 3693 330 3777 moglioh.
377 3694 438 3759 Die
460 3695 574 3761 Atome
596 3695 676 3760 ebor
697 3693 810 3760 durfen
834 3691 902 3760 sieh
925 3691 1013 3757 nieht
1035 3690 1310 3774 nritverwandeln,

179 3795 253 3862 weil
276 3803 365 3861 sonst
388 3795 468 3881 jede
490 3795 594 3879 ewige
617 3795 803 3879 Grundlage
826 3793 936 3860 iehlte.
983 3791 1130 3876 Felgiioh
1159 3792 1241 3876 (siud
1263 3793 1316 3860 die

180 3897 352 3986 primordie
366 3898 449 3964 ohne
465 3897 610 3982 Farbotr.
650 3899 740 3964 Duas
763 3905 870 3964 autem
894 3915 1009 3963 seusus
1024 3896 1138 3978 habeo,
1164 3915 1221 3962 our
1235 3895 1316 3963 hseo

180 4023 199 4068 a
223 4001 369 4068 Lucretio
392 4001 498 4068 aliena
520 3999 716 4067 existimem.
756 4002 803 4066 Ae
824 3999 961 4085 primum
984 3999 1112 4082 quidem
1136 3999 1316 4065 Lucretium

180 4107 312 4170 muitum
336 4103 467 4186 afuisse,
494 4111 529 4170 ut
551 4123 616 4170 777
638 4125 708 4170 oum
728 4103 844 4170 eoloris
859 4103 1034 4169 mutatione
1049 4121 1101 4169 res
1117 4102 1231 4168 mutari
1248 4121 1317 4168 ore-

180 4209 279 4290 deret,
306 4208 483 4275 clarissime
507 4217 641 4292 apparet
663 4227 703 4273 ex
728 4207 922 4288 uso-807,
949 4226 1021 4272 oum
1045 4206 1264 4272 columbarum
1286 4212 1318 4272 et

181 4310 317 4395 paronio
346 4311 474 4396 plumas
503 4310 662 4376 interdum
699 4310 773 4377 aliis
803 4309 961 4376 coloribus
989 4307 1092 4375 videri
1120 4307 1222 4392 dieat,
1253 4327 1317 4374 nou
