3274 4938
820 440 1037 506 „30„

354 618 495 682 continet
523 617 650 682 Homeri
685 618 814 682 verbum
848 581 1052 700 compositum
1085 599 1339 702 ποικιλομήίης,
1372 585 1500 682 verbum

354 722 487 806 simplex
519 724 654 805 primum
683 724 766 806 opud
790 723 965 790 Hesiodum
989 723 1108 807 (theog.
1132 723 1221 808 511).
1242 723 1256 810 ΗΗ
1277 747 1303 788 v.
1329 723 1393 788 213
1416 711 1500 808 ἦθος

354 831 439 912 apud
458 829 630 895 Homerum
653 832 770 908 „eodem
793 829 970 894 stabulum“
989 833 1078 912 esc1)
1114 830 1170 894 Vis
1188 829 1347 894 tralaticia
1365 832 1499 914 primum
1612 837 1613 916 Η

354 937 492 1000 occurrit
514 936 598 1019 apud
622 936 804 1002 Hesiodum
825 936 838 1022 Η
860 957 885 998 v.
911 939 975 1000 233
999 928 1192 1020 ἀκρόπολις,
1216 936 1366 1002 hocloco
1390 936 1499 1000 eodem

354 1063 446 1108 seusu
470 1043 616 1117 occurrit,
640 1063 701 1126 quo
722 1043 801 1107 Aiux
819 1045 904 1127 apud
923 1043 1094 1110 Homerum
1112 1044 1185 1129 (Od.
1209 1045 1257 1118 ll,
1276 1043 1356 1128 555)
1374 1037 1500 1127 πύργος

354 1141 493 1232 Ἀχαιῶν
521 1150 709 1214 nominatur.
730 1149 744 1237 Η
765 1172 791 1214 v.
815 1150 880 1215 283
904 1146 1038 1228 πιστός,
1065 1150 1150 1232 apud
1174 1150 1346 1214 Homerum
1369 1156 1501 1226 „oemue

354 1255 462 1331 fidum,
489 1256 549 1321 hoc
577 1256 644 1320 loeo
671 1250 855 1334 ,.πισονός“
884 1263 940 1321 est.
982 1257 1099 1321 Eodem
1129 1277 1220 1320 sensu
1249 1257 1333 1338 apud
1358 1254 1500 1336 Aeschyl.

354 1361 457 1426 Prom.
480 1363 560 1426 917:
588 1375 659 1438 τοῖς
686 1362 878 1447 πεδαρσίοις
906 1359 1046 1439 κτύποις
1073 1359 1193 1440 πιστός
1215 1371 1248 1427 et
1272 1363 1356 1428 Pers.
1380 1361 1422 1424 55
1446 1383 1500 1424 το-

355 1472 487 1552 ξουλκῷ
515 1463 634 1553 λήματι
661 1464 810 1546 πιστούς.
837 1467 851 1556 ΗΗ
876 1490 902 1532 r.
927 1470 992 1534 350
1015 1466 1170 1555 κηδεμών
1195 1472 1221 1533 is
1244 1477 1292 1536 est
1315 1471 1368 1552 qui
1395 1488 1501 1533 curam

355 1575 451 1640 hebet
473 1574 605 1640 alicuius
628 1575 684 1650 rei,
708 1576 794 1658 apud
813 1576 984 1640 Homerum
1008 1577 1034 1641 is
1059 1577 1112 1659 qui
1133 1577 1226 1640 funus
1246 1585 1343 1640 cumo
1360 1574 1373 1664 Η
1390 1595 1416 1638 r.
1435 1574 1501 1638 413
1610 1567 1615 1584 ‘

355 1677 574 1768 δωρήοοομαι
589 1681 730 1766 (πίνων)
747 1681 806 1746 11οο
825 1683 894 1748 loco
915 1713 957 1738 =
976 1683 1048 1744 vino
1068 1683 1199 1766 repleor.
1216 1681 1229 1769 ΗΗ
1246 1703 1272 1746 v.
1288 1682 1352 1745 414
1373 1676 1501 1765 ἐξάγειν

354 1789 533 1864 „educerem
561 1788 620 1852 hoo
647 1789 715 1851 loeo
744 1789 938 1872 ,‚impelle1·e‚
967 1791 1126 1854 incitare‘.
1149 1787 1162 1876 Η
1184 1811 1209 1853 v.
1233 1790 1298 1854 418
1323 1777 1502 1872 ὑπερτερίῃ
1528 1867 1531 1874 ¹

356 1896 441 1978 apud
460 1895 632 1960 Homerum
659 1902 708 1958 est
726 1897 870 1977 superior
888 1917 962 1978 pars
982 1895 1014 1958 iu
1035 1917 1138 1971 curru,
1161 1895 1307 1959 hocloco
1326 1917 1384 1978 pro
1406 1887 1501 1976 ὑπερ-

356 1997 415 2087 οχή
443 2003 666 2086 (preesteutie)
695 2002 856 2086 accipitur.
894 2001 948 2066 cfr.
974 2001 1185 2084 Hesych.1V,
1213 2025 1241 2085 p.
1271 2002 1334 2066 207
1364 1993 1502 2084 ὑπερτι-

354 2108 454 2192 ρίρσι
477 2120 710 2191 νεωτερισμοῖς
730 2159 736 2171 .
756 2099 1006 2194 ὑπερηφανίαις.
1024 2107 1037 2195 Η
1058 2129 1084 2170 v.
1104 2107 1164 2170 581
1188 2106 1398 2192 περίδρομος,
1416 2107 1503 2190 opud

356 2214 527 2279 Homerum
554 2216 743 2290 „rotundum
772 2221 828 2278 cst.
872 2215 940 2280 Hoc
968 2216 1035 2278 loco
1061 2216 1344 2294 „circumcursuus“
1373 2219 1504 2277 vocetur·

355 2319 468 2384 mulier
487 2342 600 2403 corpus
619 2321 757 2403 vulgans.
787 2321 933 2386 Ceterum
953 2322 1007 2386 cic.
1027 2321 1120 2384 Phoc.
1140 2321 1170 2396 3,
1189 2322 1209 2384 3
1228 2343 1273 2402 eq.
1292 2312 1312 2405 ἡ
1332 2321 1387 2402 (sc.
1402 2309 1503 2404 γονὴ)

357 2417 388 2490 δ’
407 2423 515 2491 ἵππου
537 2425 741 2512 χαιτηέοοιγς·
769 2419 914 2512 εὔφορος
936 2418 1009 2513 ἣδε,
1032 2439 1155 2510 ταχεῖα,
1180 2426 1392 2511 περίδρομος,
1415 2419 1505 2500 εἶδος

356 2525 481 2618 ἀρίστη.
504 2531 517 2620 ΗΗ
537 2553 562 2595 v.
582 2533 644 2597 581
670 2528 795 2616 μάργος
817 2535 901 2616 apud
919 2532 1091 2598 Homemm
1114 2533 1246 2597 stultum
1270 2540 1303 2597 et
1326 2533 1505 2596 dementem

356 2638 514 2702 hominem
533 2637 699 2722 siguificat,
717 2638 858 2703 hocloco
873 2636 1053 2724 εμάχίος
1069 2638 1082 2727 Η
1100 2663 1125 2702 v.
1141 2641 1206 2703 582
1222 2633 1371 2724 ἄρουραν
1386 2629 1503 2721 ἀροῦν.

357 2745 443 2808 Haec
464 2746 575 2828 imago,
594 2767 687 2828 quem
706 2747 888 2828 saepissime
907 2749 990 2830 opud
1010 2749 1147 2828 tragicos
1163 2755 1272 2828 poetas
1287 2745 1426 2826 legimus,
1445 2743 1506 2806 hoo

357 2851 425 2914 loco
449 2853 584 2934 primum
609 2853 746 2917 occurrit
769 2853 801 2915 iu
825 2853 941 2918 littoris
965 2854 1101 2918 Graecis.
1122 2852 1135 2938 Η
1157 2875 1183 2916 v.
1205 2853 1265 2916 751
1294 2849 1503 2931 φθέγγεσθαι

241 2983 245 2990 ·
357 2958 426 3040 lyra
443 2959 579 3039 primum
598 2959 715 3023 dicitur
733 2959 766 3021 iu
786 2959 816 3023 11.
837 2960 930 3024 Mero
950 2961 1024 3023 484.
1041 2957 1053 3044 ΗΗ
1071 2979 1096 3022 v.
1118 2958 1177 3020 751
1199 2954 1307 3037 μέλος,
1331 2976 1393 3034 quo
1413 2975 1504 3018 voca-

356 3063 432 3126 bulo
464 3069 552 3128 orius
585 3065 747 3130 hominum
780 3067 827 3130 vel
861 3065 1033 3130 bestiarum
1066 3063 1302 3144 exprimuntur,
1334 3059 1374 3120 de
1406 3065 1503 3120 contu

357 3171 493 3253 primum
521 3179 691 3254 usurpatur
718 3171 747 3235 h.
777 3173 824 3247 19,
851 3173 900 3234 15.
927 3171 939 3256 Η
965 3193 991 3234 v.
1017 3169 1080 3233 756
1105 3161 1230 3247 διάγειν
1254 3163 1503 3238 ‚,trausduce1·e“,

358 3277 504 3341 hocloco
523 3278 637 3354 „vitam
657 3287 778 3362 egore“,
796 3283 833 3340 ut
853 3279 885 3340 in
904 3276 932 3339 h.
953 3277 1004 3350 20,
1025 3275 1052 3338 7.
1075 3311 1114 3319 -

448 3385 477 3447 2.
505 3383 577 3448 Non
596 3383 744 3466 leguntur
762 3383 847 3465 apud
867 3382 1048 3454 Homerum,
1066 3378 1121 3441 sed
1141 3375 1226 3458 opud
1246 3374 1431 3438 Hesiodum:
1449 3447 1451 3453 k

447 3492 480 3575 a)
496 3486 894 3570 substantivaappellativo
904 3485 994 3548 haec:
1013 3505 1039 3546 v.
1050 3483 1092 3546 29
1104 3477 1218 3566 ἔργμαε
1237 3500 1300 3562 erg.
1312 3481 1372 3544 801
1393 3477 1406 3566 Η
1422 3501 1449 3544 v.
1460 3480 1504 3545 54

358 3592 479 3679 νόμοςι·
495 3616 558 3678 erg.
573 3595 638 3659 276
654 3595 668 3680 Η
685 3617 710 3656 v.
726 3595 768 3656 55
782 3593 905 3666 πίστιςε
925 3611 988 3672 erg.
1004 3591 1068 3654 372
1085 3589 1098 3678 Η
1114 3610 1141 3651 r.
1156 3587 1198 3652 98
1214 3579 1309 3674 ὀργήε
1328 3607 1391 3670 erg.
1406 3587 1472 3650 304
1490 3587 1503 3674 Η

361 3749 535 3758 .-—·--..-.—-

359 3844 461 3912 ignaro.
499 3841 558 3896 Illis
578 3840 649 3895 euim
670 3855 722 3894 non
742 3838 837 3904 solum,
858 3839 930 3908 quod
949 3839 1003 3893 ium
1022 3837 1179 3894 observavit
1197 3837 1298 3906 Bergk,
1318 3835 1442 3890 inaudito
1462 3846 1505 3891 eet

358 3931 445 3986 formo
469 3929 561 3984 active
584 3925 776 3998 ἐποιρίσκειν,
806 3927 855 3981 sed
879 3927 976 3992 etiem,
1005 3927 1077 3996 quod
1100 3927 1144 3982 vel
1168 3926 1247 3995 peius
1271 3933 1325 3990 est,
1351 3925 1432 3980 metri
1455 3942 1505 3980 rm-

358 4019 465 4088 gustiee
490 4017 641 4072 versifieem
667 4023 828 4086 coegemnt,
852 4022 882 4070 ut
901 4021 996 4070 contre
1015 4016 1134 4070 omnium
1155 4032 1232 4070 usum
1252 4023 1280 4070 et
1299 4019 1403 4068 certem
1423 4031 1505 4070 voce·

359 4104 417 4160 buli
441 4105 494 4158 vim
518 4109 614 4174 μνῆμα
638 4100 665 4158 δ’
686 4098 781 4174 ἔχουσι
805 4104 911 4160 diceret
935 4121 984 4174 pro
1007 4099 1119 4174 μιήμην
1137 4105 1195 4158 sive
1213 4105 1315 4172 μνείαν
1334 4099 1360 4156 δ’
1381 4096 1506 4171 ἔχουσι.“

449 4196 468 4260 ¹)
496 4193 545 4249 cfr.
565 4193 675 4250 Curtius
694 4195 783 4264 Etym.
804 4213 829 4264 p.
849 4197 913 4250 me:
943 4193 1123 4260 „Aufiellend
1148 4192 1184 4246 iet
1207 4192 1251 4247 1111
1275 4182 1347 4262 ἦθος
1370 4191 1415 4245 δίο
1440 4192 1506 4254 olto,

360 4282 404 4338 bei
423 4283 526 4339 Homer
544 4283 798 4350 ausschlieeeliche,
823 4284 980 4352 bedeutung
999 4285 1147 4351 wohnung,
1173 4281 1247 4346 stell,
1273 4281 1377 4336 welche
1396 4297 1431 4334 an
1452 4281 1506 4335 rkt.

359 4375 490 4429 dhe-meu
519 4375 588 4429 heus
617 4374 752 4440 erinnem,
782 4374 852 4427 noch
881 4374 943 4428 dem
968 4378 1101 4442 gesogten
1125 4370 1184 4426 eleo
1208 4370 1356 4424 bedentete
1380 4385 1410 4422 es
1434 4370 1507 4424 wohl

359 4461 480 4532 ,oigenes
499 4463 602 4520 hous‘.“
660 4505 661 4510 1
