3280 4934
573 385 613 394 -
661 344 755 432 [ιιι]
803 385 843 394 -
1244 344 1284 408 15

142 545 226 624 Quid
257 549 364 608 autem
397 542 430 606 in
457 561 552 608 causa
582 539 691 616 fuerit,
723 561 779 606 cur
810 561 874 606 non
906 542 1062 626 extemplo
1093 563 1171 626 pace
1204 541 1289 606 factu

143 673 249 718 muros
272 651 409 716 diruerit
426 648 597 731 Lysander,
615 647 765 732 explicari
784 669 848 712 non
865 669 957 731 posse
975 653 1061 713 reete
1080 648 1161 714 vidit
1178 648 1288 714 Stede-

144 759 269 833 feldtus‚
296 757 352 839 qui
379 762 415 821 ut
442 753 661 838 comprobaret
688 755 796 819 statim
824 775 901 838 pace
924 754 1070 821 conclusa
1093 755 1289 839 Lysandrum

146 887 252 930 muros
280 864 440 939 deiecisse,
467 862 527 926 hac
551 862 823 944 argumentatione
851 883 925 926 usus
953 867 1014 926 est:
1045 863 1220 942 „Quamdiu
1243 863 1290 926 illi
1345 901 1352 916 ·

148 992 253 1036 muros
275 968 438 1046 baberent,
465 969 580 1052 quibus
603 989 636 1033 se
659 966 874 1045 defenderent,
896 990 1000 1034 nonne
1023 968 1091 1034 fieri
1114 971 1227 1055 potuit,
1255 975 1291 1034 ut

150 1077 224 1142 belli
248 1075 367 1142 felicius
392 1076 562 1142 renovandi
590 1097 679 1158 spem
705 1075 918 1158 conciperent!
969 1074 1050 1140 Sane
1073 1077 1150 1159 quin
1173 1077 1289 1141 iterum

149 1185 394 1260 devincerentur,
416 1183 468 1247 vix
491 1182 622 1248 dubium
646 1189 724 1258 erat,
751 1182 807 1246 sed
830 1187 915 1246 certe
938 1183 999 1246 nisi
1022 1181 1210 1260 hominibus,
1233 1205 1290 1268 pe-

149 1293 248 1365 cnnia,
266 1299 408 1374 tempore
427 1290 595 1373 insumptis
618 1289 652 1353 id
675 1289 784 1372 peragi
808 1289 938 1372 nequiit,
960 1293 1057 1372 atque
1075 1291 1202 1355 omnino
1221 1293 1292 1374 quis

148 1399 306 1484 putaverit
328 1403 453 1463 tantum
475 1417 613 1480 unquam
637 1395 781 1462 fortunae
805 1397 929 1461 dedisse
951 1395 1062 1461 ducem
1086 1397 1291 1481 sapienteml“

148 1505 267 1572 Contra
297 1527 377 1590 quae
409 1505 572 1572 Rennerus
604 1504 769 1587 disputans
801 1525 829 1586 p.
860 1504 896 1567 11
933 1511 1155 1570 commemorat
1186 1513 1219 1570 et
1250 1505 1291 1570 ab

148 1612 394 1678 Atheniensibus
420 1611 617 1694 Lysandrum
644 1609 770 1674 obsides
802 1610 957 1692 accepisse
985 1616 1018 1674 et
1049 1631 1086 1676 eo
1118 1613 1181 1676 iam
1213 1619 1291 1678 tem-

147 1741 224 1806 pore
252 1719 453 1803 optimatium
480 1717 648 1782 factionem
676 1716 932 1782 Lacedaemoniis
961 1719 1132 1787 studuisse:
1165 1720 1292 1784 omnino

148 1833 254 1893 autem
281 1833 404 1892 tantam
428 1826 567 1888 omnium
590 1844 695 1888 rerum
717 1823 856 1906 inopiam
880 1829 912 1888 et
938 1825 1186 1907 magnitudinem
1209 1825 1292 1891 caula¹

149 1934 270 1998 mitatis
296 1939 364 1998 tum
391 1931 488 2000 fuisse
510 1937 630 2006 censet,
657 1935 694 1993 ut
717 1929 796 1994 nihil
823 1929 990 2013 periculosi
1019 1931 1181 2009 babuerit,
1207 1933 1292 2014 quod

149 2039 312 2124 Lysander
343 2038 430 2122 pacis
461 2037 680 2102 condicionum
711 2044 834 2118 partem
868 2057 930 2100 nou
963 2043 1127 2102 exsecutus
1159 2039 1293 2104 Athenis

150 2148 338 2213 discesserit.
384 2143 504 2223 Quibus
527 2143 691 2226 Curtius¹)
714 2141 818 2218 addit,
842 2165 879 2207 ex
903 2143 1086 2227 Thucydide
1110 2144 1162 2229 (V,
1186 2147 1227 2209 26
1251 2139 1293 2210 τὰ
1407 2127 1412 2144 ’

149 2244 260 2339 μακρὰ
279 2253 369 2338 τείχη
387 2253 443 2316 καὶ
461 2242 523 2315 τὸν
538 2251 679 2334 Πειραιᾶ
698 2247 899 2333 κατέλαβον)
919 2249 951 2312 in
971 2249 1082 2315 Piraeo
1101 2251 1293 2333 praesidium

149 2361 292 2444 posuisse
328 2358 591 2423 Lacedaemonios
630 2356 743 2430 videri;
783 2361 948 2438 praeterea
984 2357 1122 2422 nondum
1160 2356 1294 2441 Agidem

90 2528 95 2540 ,
151 2467 295 2532 Deceleis
317 2465 510 2550 praesidium
533 2462 716 2538 abduxisse,
744 2463 800 2526 sed
828 2483 898 2528 cum
926 2462 1059 2546 triginta
1080 2464 1140 2528 riri
1164 2466 1293 2530 institu-

151 2579 289 2648 erentur,
312 2578 422 2636 contra
445 2569 556 2634 urbem
578 2567 755 2652 profectum
778 2591 845 2633 esse
868 2568 952 2652 (Lys.
973 2567 1044 2646 XII,
1064 2571 1130 2654 71),
1154 2592 1215 2654 quo
1238 2573 1293 2636 de-

151 2702 238 2744 mum
261 2679 344 2744 facto
363 2677 534 2741 exercitum
559 2675 714 2738 dimisisse
737 2697 809 2739 eum
828 2675 1035 2759 Spartamque
1059 2678 1177 2742 redisse
1201 2678 1292 2764 (Xen.

152 2783 438 2868 HGEb&

242 2891 305 2956 Fac
335 2897 441 2955 autem
474 2888 636 2952 Rennerus
667 2894 700 2952 et
732 2887 858 2952 Curtius
890 2893 975 2953 recte
1006 2891 1053 2954 ita
1079 2890 1296 2978 iudicaverint,

153 3007 259 3066 tamen
282 3017 390 3074 causa,
417 3018 473 3060 cur
502 3017 563 3060 non
592 2995 700 3059 statim
723 2993 885 3078 Lysander
908 2997 1107 3062 condiciones
1131 3005 1296 3065 exsecutus

153 3109 204 3184 sit,
227 3106 433 3172 desideratur.
479 3103 587 3187 Neque
610 3103 693 3166 enim
716 3101 886 3186 quidquam
909 3103 1001 3181 valet,
1027 3106 1110 3188 quod
1134 3104 1296 3172 Rennerus

153 3237 183 3298 p.
208 3211 248 3280 12
276 3213 326 3276 bis
354 3211 457 3276 verbis
484 3209 590 3274 affert:
628 3208 755 3293 „Neque
784 3230 856 3274 vero
884 3232 1025 3286 caussae,
1057 3217 1186 3295 propter
1218 3235 1296 3296 quas

155 3319 283 3395 infecta,
320 3325 355 3382 ut
386 3318 544 3393 videatur,
579 3338 614 3380 ro
647 3317 839 3392 discesserit,
873 3318 996 3382 desunt.
1056 3318 1173 3383 Notum
1205 3321 1297 3398 enim,

155 3427 328 3511 Spartanos
355 3424 500 3489 hostibus
528 3423 695 3488 debellatis
723 3445 790 3488 rem
818 3425 864 3487 ita
891 3424 1056 3489 instituere
1084 3427 1193 3491 solitos
1221 3449 1297 3504 esse,

155 3539 192 3598 ut
223 3553 280 3596 sua
311 3537 422 3615 sponte
454 3553 487 3595 se
520 3530 675 3612 subjicere
706 3530 889 3594 viderentur
920 3533 1068 3616 pacisque
1101 3534 1297 3600 conditiones

156 3641 215 3724 ipsi
257 3643 527 3722 exsequerentur.“
595 3636 683 3701 Bello
725 3639 808 3701 enim
849 3636 1114 3720 Peloponnesiaco
1155 3641 1297 3706 confecto

156 3745 227 3832 quis
259 3745 467 3811 Athenienses
503 3765 536 3808 se
567 3765 624 3810 sua
660 3751 771 3826 sponte
807 3742 976 3810 subiecisse
1011 3765 1178 3828 murosque
1214 3748 1298 3831 ipsos

157 3854 241 3921 ultro
286 3852 438 3918 delevisse
482 3871 639 3934 naresque
684 3849 940 3916 Lacedaemoniis
990 3851 1159 3918 tradidisse
1204 3861 1297 3938 puta·

157 3961 256 4026 verit?
315 3958 361 4024 Ac
397 3979 436 4023 ne
469 3957 570 4022 Curtii
607 3957 733 4040 quidem
771 3957 866 4023 rerba
901 3958 979 4023 mihi
1015 3955 1190 4025 sufficiunt:
1225 3981 1299 4026 nam

158 4069 242 4152 quod
274 4085 332 4130 nos
361 4086 484 4131 morum
516 4066 638 4129 ratione
671 4063 824 4148 Lysandri
856 4065 967 4130 habita
999 4066 1079 4130 scire
1111 4088 1173 4130 non
1208 4088 1299 4151 posse

158 4178 278 4249 censet,
305 4193 386 4254 (puae
408 4171 606 4238 clandestina
632 4171 763 4236 consilia
785 4172 825 4235 de
853 4171 951 4236 classe
979 4181 1011 4238 et
1037 4173 1135 4238 muris
1159 4172 1299 4240 Athena

251 4405 269 4454 ¹l
289 4402 328 4454 ll⁴
347 4419 372 4470 p.
392 4403 444 4456 840
464 4403 525 4456 arln.
545 4404 605 4456 212.
