3262 4926
784 385 1000 446 „50-

325 592 386 656 qno
409 573 538 656 plumae
559 571 651 655 ipsae
666 571 807 653 aliquam
824 571 1031 638 mutationem
1047 571 1187 658 capiant,
1212 572 1271 638 sed
1285 572 1362 654 quia
1377 580 1474 638 recto

325 683 381 740 aut
403 675 530 757 obliquo
553 673 672 738 lumine
695 673 888 756 refulgeant.
931 675 1042 740 Altera
1063 659 1139 740 vero
1163 693 1261 741 causa
1282 675 1316 740 in
1338 673 1472 741 eisdem

325 799 403 861 quos
432 776 526 842 modo
555 776 684 844 landari
707 777 853 844 versibus
877 777 939 843 sita
961 785 1021 844 est.
1059 779 1144 845 Nam
1168 779 1281 846 sliam
1303 786 1402 846 antea
1426 778 1472 846 de

324 883 462 948 colorum
493 881 667 947 mutatione
698 881 848 962 dixisset,
882 881 961 947 satis
991 883 1102 948 mirum
1127 882 1241 949 luisset
1269 891 1399 968 poetam
1432 884 1471 948 in

322 985 467 1052 versibus
482 984 647 1069 proximis,
666 1002 737 1049 cum
754 984 890 1050 eandem
906 1005 971 1050 rem
988 991 1145 1070 tangeret,
1170 987 1317 1070 exempla
1331 986 1467 1063 afferre,

323 1097 484 1170 tamquam
514 1087 542 1154 si
571 1085 651 1152 baec
681 1105 732 1153 res
763 1106 894 1172 prorsus
925 1108 1008 1154 nova
1036 1095 1345 1155 commemoraretur.
1393 1090 1469 1156 Hoc

324 1211 361 1257 eo
384 1190 420 1256 fit
441 1190 508 1256 veri
531 1190 731 1268 dissimilius,
757 1189 842 1274 quod
864 1210 976 1256 versus
1000 1194 1193 1274 rae-816,
1224 1192 1288 1258 nisi
1310 1191 1417 1270 fallor,
1445 1215 1469 1258 a

323 1303 419 1379 poeta
441 1301 515 1360 ante
539 1297 698 1358 757-94
723 1294 831 1378 scripti
858 1301 941 1360 suut.
988 1295 1072 1360 Nam
1095 1296 1192 1362 verbu
1221 1295 1277 1378 (II,
1306 1298 1460 1376 757-9‘„

447 1396 668 1481 praeteream
687 1397 778 1460 oolla
801 1397 914 1461 colaria
931 1398 1102 1480 principiis
1124 1407 1171 1462 ost

393 1531 396 1537 ·
453 1501 577 1564 reddita
600 1507 716 1592 nutura
738 1509 768 1564 el
790 1501 887 1565 cardia
909 1510 982 1564 cunt
999 1502 1149 1586 praedito
1159 1503 1295 1588 somnia,

454 1627 470 1667 e
493 1603 602 1688 quibua
624 1625 713 1668 omne
734 1625 833 1686 penus
853 1605 986 1690 pipnurat
1007 1605 1192 1690 domuitque
1214 1606 1333 1669 colores

324 1708 370 1772 ita
392 1713 514 1772 tantum
536 1707 777 1792 intelleguntur,
809 1707 838 1773 si
865 1709 1034 1792 probatum
1063 1717 1126 1788 est,
1158 1709 1236 1775 solis
1265 1709 1364 1774 variis
1395 1709 1467 1794 pri-

324 1809 515 1876 mordiorum
537 1808 648 1876 formis
670 1812 793 1876 colores
815 1810 905 1894 gigni
928 1811 1124 1894 variarique,
1150 1811 1235 1895 quod
1257 1811 1293 1877 fit
1315 1813 1467 1878 versibus

325 1916 504 1978 795-816.

410 2016 469 2082 Hic
492 2023 598 2081 autem
621 2023 671 2081 est
693 2017 775 2080 alter
790 2036 831 2082 ex
846 2017 912 2082 illis
928 2017 1017 2096 locis,
1045 2016 1097 2082 ubi
1113 2017 1360 2102 interpolatione
1377 2017 1466 2084 lacta

324 2120 477 2186 nonnulla
499 2126 613 2204 poetae
636 2119 733 2184 verba
756 2138 796 2184 ex
819 2126 906 2185 textu
929 2120 1065 2204 depulsa
1088 2139 1159 2188 csse
1176 2127 1311 2187 constat.
1351 2121 1465 2186 Habe-

325 2223 501 2289 musenim
525 2222 557 2288 in
581 2241 677 2288 versu
699 2222 741 2302 11,
769 2225 830 2287 748
855 2223 1034 2288 mutilatum
1056 2223 1274 2288 enuntiatum:

491 2327 574 2410 quod
594 2325 739 2409 quoniam
763 2325 851 2390 uinco
860 2325 953 2408 ficri,
979 2349 1060 2390 trano
1082 2348 1149 2390 esse
1172 2325 1295 2389 docebo.

324 2427 416 2505 Quod
439 2449 511 2495 cum
527 2428 682 2494 conficere
698 2427 806 2510 vellet,
832 2428 998 2494 Bentleius
1022 2436 1096 2512 post
1112 2432 1172 2492 748
1189 2427 1469 2513 transponendum·

324 2552 396 2599 esse
419 2550 547 2597 versum
571 2535 633 2597 743

541 2657 579 2698 err
602 2635 725 2698 ineunte
747 2657 823 2698 acco
844 2636 931 2698 nullo
954 2636 1117 2698 coniuncto
1139 2635 1241 2698 colore

324 2738 458 2805 censuit.
499 2735 564 2802 Sed
585 2737 613 2800 si
636 2737 683 2802 sic
706 2738 922 2802 accusativum
945 2757 1017 2802 eum
1039 2735 1196 2803 infinitivo
1214 2756 1234 2801 a
1249 2737 1363 2802 docebo
1381 2758 1464 2822 pen-

323 2841 451 2906 dentem
464 2823 644 2916 statuimus,
659 2836 751 2904 deest
765 2839 793 2904 is
809 2839 1012 2905 accusativus
1028 2844 1083 2921 (so.
1098 2839 1300 2923 »primordia«
1316 2860 1349 2904 v.
1366 2847 1461 2920 neuuj:

324 2943 379 3024 qui
402 2961 442 3008 ex
465 2941 618 3027 proximis
640 2941 833 3025 cogitatione
856 2941 932 3008 addi
959 2942 1085 3026 nequit,
1111 2942 1260 3026 quoniam
1282 2942 1315 3006 in
1340 2947 1414 3008 746.
1445 2947 1461 3004 7

324 3065 385 3110 non
409 3044 449 3110 de
472 3042 654 3129 primordiis
677 3045 792 3127 agitur,
819 3045 877 3112 sed
900 3043 941 3110 de
964 3044 1011 3111 eis
1034 3045 1232 3129 corporibus,

695 3170 750 3211 noa
772 3147 837 3231 ἐρεῖ
857 3149 956 3212 coeca
978 3170 1187 3232 quoecumque
1212 3149 1345 3212 terebris

567 3250 732 3334 tangimus.

410 3350 533 3418 Deinde
556 3352 697 3436 probabo
720 3351 875 3418 insiticios
898 3371 970 3418 esse
993 3371 1106 3419 versus

780 3455 810 3534 1,
838 3458 998 3520 cro-rr.

322 3558 401 3624 Inde
423 3577 444 3622 a
466 3577 560 3624 versu
583 3559 609 3638 1,
636 3562 698 3623 645
722 3558 840 3624 refutat
855 3556 1023 3624 Lueretius
1039 3557 1246 3638 Heraclitum,
1273 3559 1327 3640 qui
1351 3558 1461 3642 ignem

322 3660 510 3746 principium
545 3660 684 3726 omnium
718 3681 822 3726 rerum
853 3680 925 3727 esse
954 3662 1115 3728 docuerat.
1162 3661 1292 3736 Altera,
1326 3660 1367 3728 de
1398 3683 1463 3745 qua

322 3785 406 3830 nune
428 3765 498 3830 sola
520 3762 690 3829 dicendum
714 3771 772 3844 est,
798 3783 897 3830 causa
918 3785 940 3829 a
957 3765 1111 3830 varietate
1126 3783 1230 3829 rerum
1247 3771 1375 3848 sumpta
1390 3772 1458 3832 est:

321 3887 384 3931 non
406 3885 502 3950 posse
525 3886 597 3933 esse
619 3873 683 3932 tam
707 3866 814 3932 varias
836 3885 906 3945 res,
932 3867 960 3933 si
983 3886 1094 3932 omnes
1120 3886 1160 3932 ex
1183 3866 1295 3933 eodem
1317 3887 1462 3951 puroque

321 3968 397 4051 igne
419 3974 547 4036 creatae
563 3968 628 4033 sint
634 3994 643 4044 ;
670 3968 697 4034 si
713 3967 797 4034 enim
813 3968 898 4051 ignis
914 3975 1106 4035 extenuetur
1121 3969 1174 4034 rel
1189 3967 1354 4049 densetur,
1379 3969 1463 4036 nihil

320 4070 395 4158 inde
419 4071 528 4156 profici
551 4071 613 4136 nisi
636 4077 672 4137 ut
693 4069 788 4136 ardor
810 4071 880 4136 eius
908 4078 1066 4156 augeatur
1088 4071 1141 4138 vel
1162 4070 1377 4150 diminuatur;
1410 4075 1462 4140 sin

320 4173 483 4256 ignomin
511 4174 608 4238 rebus
637 4173 785 4239 creandis
812 4173 931 4256 stingui
962 4173 1140 4257 mutarique
1169 4181 1318 4258 ponatur,
1352 4175 1463 4260 ignem

322 4275 417 4359 plane
433 4274 619 4360 periturum,
644 4281 675 4339 et
691 4295 909 4358 quaecumque
924 4275 986 4340 iam
1004 4281 1161 4350 creentur,
1188 4295 1206 4342 e
1225 4275 1326 4341 nilrilo
1342 4278 1463 4346 oritura
