3268 4920
544 401 587 410 -
635 366 718 446 rutra]
767 401 808 411 -
1206 371 1246 432 se

118 559 184 618 runi
205 551 277 627 aiei,
308 549 395 618 velut
418 550 512 616 Caes.
540 551 570 616 b.
596 552 674 636 gall.
697 557 726 632 l,
746 555 813 630 7,l
844 563 1018 636 recuperare
1045 555 1084 618 ab
1115 555 1245 634 iniuria,

118 675 175 740 qua
201 653 314 720 eadem
345 661 505 720 structura
537 673 614 720 usus
644 661 694 720 est
723 655 819 721 (loru.
843 657 887 736 ΙΙ,
916 660 964 739 19,
989 661 1029 722 29
1060 659 1112 720 cai
1131 659 1246 724 miram

117 759 264 824 uidebitur
286 757 381 822 istum
403 781 424 820 a
440 757 591 840 maleficia
611 767 744 842 propter
759 759 944 824 acerrimam
958 761 1166 845 formidinem
1185 785 1246 826 nan

117 863 325 946 temperasse?
352 860 433 941 (eibi,
457 859 544 943 quod
566 859 658 926 codd.
683 861 843 942 omittunt,
869 862 1062 930 addiderunt
1081 863 1191 930 Osann
1213 871 1246 931 et

117 967 238 1052 Kayser
259 965 292 1030 in
315 963 366 1030 ed.
393 964 489 1044 uicj.
536 963 586 1029 Cf.
612 963 781 1030 Antibarb.
806 986 882 1050 pag.
905 970 997 1031 1128.

196 1069 361 1132 Antistare
383 1068 515 1134 verbum
539 1067 651 1134 Cicero
677 1089 750 1134 curn
774 1068 882 1136 dativo
912 1089 1069 1155 personae
1097 1077 1129 1136 et
1156 1072 1243 1137 abla-

115 1173 175 1240 tivo
197 1172 244 1238 rei
265 1171 431 1238 coniunxit
452 1171 518 1236 inv.
543 1172 586 1250 ΙΙ,
615 1174 687 1250 1,2
717 1172 856 1236 omnibus
883 1173 1099 1238 catastitmmt
1127 1171 1244 1238 viribus

120 1278 223 1341 taltarc
246 1293 309 1356 quo
331 1272 392 1339 hec
414 1274 545 1340 verbum
568 1273 656 1359 apud
678 1274 863 1342 Ciceronem
887 1275 1004 1360 legitur
1033 1277 1102 1342 loeo
1124 1297 1190 1361 rep.
1211 1279 1240 1356 3,

120 1381 163 1446 ts.
182 1379 222 1442 28
254 1377 402 1444 absoluta
431 1376 549 1442 dictura
581 1381 655 1456 est,
693 1397 758 1460 qua
787 1378 900 1444 eadem
931 1379 1164 1445 constructione
1194 1381 1244 1445 usi

113 1489 184 1547 suut
197 1479 312 1548 Claud.
333 1479 468 1557 Quadr„
486 1479 583 1564 Nepa,
603 1487 664 1547 etc.
701 1480 765 1545 Alii
781 1481 953 1566 scriptores
966 1481 1077 1548 dicunt
1092 1481 1245 1548 uatr'atare

113 1585 243 1669 aliquem
258 1585 366 1668 clepera
388 1605 423 1647 re
450 1584 505 1664 (ita
528 1583 614 1649 llela
635 1591 668 1650 et
689 1583 855 1668 Apuleius}
882 1585 933 1650 vel
957 1585 990 1648 ie
1005 1585 1112 1670 aliqum
1126 1607 1161 1650 re
1189 1586 1245 1652 fita

113 1689 228 1754 lletell.
240 1686 399 1768 Numidl.
426 1686 584 1772 Exempla
595 1686 776 1754 accuratius
788 1687 978 1770 collegimus
991 1691 1242 1774 suprapsssq.

545 1823 569 1861 c.
597 1809 634 1860 ds
653 1809 808 1871 genetivo.

196 1892 335 1960 Primum
359 1893 537 1977 complures
559 1911 600 1958 ex
623 1892 785 1958 Cornificii
808 1894 980 1977 praecipue
1006 1894 1095 1959 libris
1118 1893 1247 1960 dicendi

113 1997 275 2078 formulae,
308 2013 392 2079 quae
414 1994 448 2060 in
471 1995 611 2080 optimae
634 2001 729 2061 notae
760 1995 948 2078 scriptorum
979 2015 1071 2061 usum
1094 2005 1152 2062 aut
1173 2018 1245 2063 raro

111 2109 165 2168 aut
186 2099 314 2166 omnino
336 2119 400 2166 non
421 2105 497 2164 suut
518 2105 679 2184 receptae,
716 2097 758 2164 ad
789 2099 976 2164 sollemnem
1000 2099 1245 2166 Iurisconsultu-

110 2225 178 2270 rum
202 2219 380 2270 sermenem
403 2201 592 2268 referendae
615 2209 701 2268 sunt.
746 2201 959 2266 Huiusmodi
982 2207 1032 2268 est
1052 2223 1147 2285 apere
1173 2222 1244 2274 cum

110 2305 268 2392 genetivis
282 2305 389 2390 sarai,
412 2305 602 2369 iniuriarum
624 2306 727 2386 etei),
754 2311 786 2369 et
808 2325 963 2370 arcessere
984 2323 1056 2369 cum
1084 2305 1243 2387 genetiuis

110 2410 235 2493 capite,
266 2407 440 2474 maeatis
469 2407 680 2474 coniunctum.
727 2405 818 2484 Quae
847 2406 1022 2473 locutiones
1051 2426 1244 2491 quamquam

109 2519 185 2598 apte
215 2511 416 2578 adulitarum
446 2510 688 2577 similitudinem
719 2510 831 2576 reterri
853 2516 1011 2594 poteraut,
1041 2511 1130 2576 velut
1151 2533 1244 2575 accae

107 2639 181 2680 rure
203 2615 338 2700 aliquem
358 2614 452 2700 furti
471 2619 547 2690 etc,
580 2621 686 2681 manen
716 2613 829 2697 optimi
857 2611 1028 2698 scriptores
1058 2613 1246 2698 pluuisset

107 2719 290 2786 accuratius
312 2718 504 2785 seutentiam
520 2717 699 2801 exprimere
721 2703 783 2782 sibi
806 2715 997 2782 videbantur
1017 2715 1127 2783 addito
1149 2737 1245 2783 voca-

107 2823 184 2888 bulo
207 2821 315 2906 alique
330 2821 419 2888 velut
434 2821 573 2885 carniae.
599 2819 727 2895 cadiae,
752 2819 885 2898 nomine,
912 2819 1071 2885 similibus
1092 2819 1142 2902 tel.
1162 2839 1190 2886 e.
1210 2841 1241 2903 g.
1276 2879 1285 2896 ,

107 2927 175 2992 Cic.
195 2925 286 2992 Cael.
306 2929 334 3004 7,
358 2927 396 2989 16
419 2933 454 2988 ut
470 2925 592 3008 —ipse
614 2923 748 2988 alterum
771 2923 905 2986 ambitus
919 2921 1049 2987 crimine
1060 2932 1241 3004 arcesseret,

105 3027 271 3114 praecedit
286 3027 422 3092 ambitus
436 3028 572 3092 almum
586 3033 761 3103 accusatae
783 3025 837 3091 off.
853 3028 882 3102 2,
899 3029 946 3088 ll.
960 3029 997 3086 51
1018 3047 1056 3088 ne
1071 3047 1159 3110 quem
1175 3047 1245 3090 ura-

105 3153 201 3216 quam
212 3131 404 3196 innocentem
415 3128 814 3213 iadr‘cr'ocapitisaruesaas:
834 3126 874 3192 cf.
885 3125 981 3192 etiam
988 3127 1080 3193 Verr.
1092 3128 1134 3210 ΙΙ,
1147 3131 1176 3206 2,
1189 3130 1241 3206 58,

107 3238 197 3316 142).
232 3233 344 3300 iuveni
359 3241 465 3300 autern
482 3255 575 3318 apere
580 3232 682 3319 furti,
698 3232 863 3315 peculatus
878 3228 966 3316 apud
981 3230 1077 3296 Corn.
1091 3231 1116 3312 Ι,
1140 3233 1187 3300 12,
1204 3233 1246 3295 22

102 3337 374 3425 aemmfurticpi,
385 3337 620 3421 coapostolatus
631 3345 790 3420 oportere;
806 3333 1152 3418 itemsurtiapereilic.
1165 3333 1242 3399 faur.

103 3445 137 3518 7,
150 3443 207 3512 Ὦς
226 3463 321 3523 apere
332 3438 521 3504 iniuriarum
533 3440 629 3507 Corn.
644 3441 670 3520 Ι,
685 3444 734 3519 tt,
747 3442 787 3503 24
803 3459 873 3502 cum
883 3461 918 3502 eo
934 3437 1047 3502 Accius
1057 3437 1246 3502 iniuriarum

102 3546 189 3630 cpit:
217 3545 284 3611 Cic.
303 3545 370 3610 inv.
389 3545 431 3622 Π,
451 3547 503 3622 20,
523 3547 565 3608 59
587 3544 657 3628 epit
678 3543 717 3621 is,
742 3543 795 3607 cui
813 3563 925 3607 manus
942 3543 1090 3626 praecisa
1112 3550 1169 3618 est,
1196 3542 1246 3606 in-

101 3650 278 3722 iuriarum
313 3647 445 3726 Quintil.
467 3651 496 3728 3,
517 3651 547 3728 6,
571 3651 625 3724 19;
663 3669 755 3731 apere
784 3645 929 3710 mandati
956 3645 1053 3710 Corn.
1069 3645 1111 3724 ll,
1135 3647 1185 3725 13,
1207 3649 1245 3710 19

101 3755 155 3816 Μ.
177 3755 305 3816 Drusus
324 3760 456 3834 praetor
477 3753 628 3826 urbanus,
654 3751 738 3833 quod
754 3770 824 3812 eram
845 3747 958 3813 herede
979 3748 1123 3812 medati
1135 3770 1245 3833 apere-
1266 3785 1272 3798 ·

102 3865 169 3934 tur,
197 3855 348 3918 iudicium
370 3853 519 3918 reddidit.
566 3851 670 3917 Simili
693 3851 787 3918 modu
810 3851 926 3935 legitur
954 3873 1111 3916 arcessere
1132 3851 1245 3933 capitis

99 3957 195 4041 apud
218 3957 313 4024 Ooru.
332 3955 359 4035 Ι,
381 3961 430 4034 ll,
454 3959 492 4020 ts
520 3959 636 4020 Teucer
658 3991 701 4002 -
723 3953 881 4018 inimicum
898 3955 1024 4040 fratris
1046 3975 1114 4017 uum
1136 3953 1244 4037 pladio

177 4114 192 4176 ¹>
217 4111 374 4167 Permultus
393 4111 529 4166 eiusmodi
548 4111 624 4165 locos
643 4118 672 4164 et
689 4109 764 4178 upud
784 4109 882 4164 Gaium
901 4115 930 4163 at
948 4108 1023 4178 apud
1039 4113 1147 4162 eeteros
1159 4109 1244 4163 iuris·

97 4198 250 4253 consultos
268 4203 379 4252 exstare
398 4213 443 4251 ras
461 4201 504 4252 est
523 4195 684 4254 notissima;
709 4209 824 4262 qrroruru
844 4193 969 4261 singulus
987 4193 1063 4247 locos
1082 4209 1244 4248 enumerare

96 4297 343 4354 supervacaneum
363 4283 439 4338 duxi.
