<?xml version="1.0" encoding="UTF-8"?>
<!DOCTYPE html PUBLIC "-//W3C//DTD XHTML 1.0 Transitional//EN"
    "http://www.w3.org/TR/xhtml1/DTD/xhtml1-transitional.dtd">
<html xmlns="http://www.w3.org/1999/xhtml" xml:lang="en" lang="en">
 <head>
  <title>
</title>
<meta http-equiv="Content-Type" content="text/html;charset=utf-8" />
  <meta name='ocr-system' content='tesseract 3.04.00' />
  <meta name='ocr-capabilities' content='ocr_page ocr_carea ocr_par ocr_line ocrx_word'/>
</head>
<body>
  <div class='ocr_page' id='page_1' title='image "./dissertationesp01stragoog_0130.png"; bbox 0 0 3280 4934; ppageno 0'>
   <div class='ocr_carea' id='block_1_1' title="bbox 616 395 1310 480">
    <p class='ocr_par' dir='ltr' id='par_1_1' title="bbox 616 395 1310 480">
     <span class='ocr_line' id='line_1_1' title="bbox 616 395 1310 480; baseline 0.004 -19"><span class='ocrx_word' id='word_1_1' title='bbox 616 435 648 444; x_wconf 88' lang='lat'>-</span> <span class='ocrx_word' id='word_1_2' title='bbox 695 395 790 480; x_wconf 65' lang='grc' dir='ltr'><strong><em>[τοι]</em></strong></span> <span class='ocrx_word' id='word_1_3' title='bbox 836 436 878 446; x_wconf 88' lang='grc'><strong>-</strong></span> <span class='ocrx_word' id='word_1_4' title='bbox 1267 397 1310 464; x_wconf 81' lang='lat'><strong>25</strong></span> 
     </span>
    </p>
   </div>
   <div class='ocr_carea' id='block_1_2' title="bbox 164 590 1313 3666">
    <p class='ocr_par' dir='ltr' id='par_1_2' title="bbox 170 590 1313 2174">
     <span class='ocr_line' id='line_1_2' title="bbox 172 590 1311 677; baseline 0.004 -23"><span class='ocrx_word' id='word_1_5' title='bbox 172 590 333 656; x_wconf 75' lang='lat' dir='ltr'><strong>Plutarchi</strong></span> <span class='ocrx_word' id='word_1_6' title='bbox 352 591 527 656; x_wconf 80' lang='lat' dir='ltr'><strong>narrationi</strong></span> <span class='ocrx_word' id='word_1_7' title='bbox 545 591 612 656; x_wconf 84' lang='lat' dir='ltr'><strong>veri</strong></span> <span class='ocrx_word' id='word_1_8' title='bbox 631 591 824 657; x_wconf 90' lang='lat' dir='ltr'><strong>dissimiliori</strong></span> <span class='ocrx_word' id='word_1_9' title='bbox 843 591 938 658; x_wconf 90' lang='lat' dir='ltr'><strong>fidem</strong></span> <span class='ocrx_word' id='word_1_10' title='bbox 951 593 1183 677; x_wconf 85' lang='lat' dir='ltr'><strong>denegabimus.</strong></span> <span class='ocrx_word' id='word_1_11' title='bbox 1211 595 1311 674; x_wconf 83' lang='lat' dir='ltr'>Quem</span> 
     </span>
     <span class='ocr_line' id='line_1_3' title="bbox 172 695 1311 783; baseline 0.006 -23"><span class='ocrx_word' id='word_1_12' title='bbox 172 695 333 760; x_wconf 78' lang='lat' dir='ltr'><strong>Plutarchi</strong></span> <span class='ocrx_word' id='word_1_13' title='bbox 358 717 494 762; x_wconf 89' lang='lat' dir='ltr'><strong>errorem</strong></span> <span class='ocrx_word' id='word_1_14' title='bbox 518 698 648 764; x_wconf 86' lang='lat' dir='ltr'><strong>Grotius</strong></span> <span class='ocrx_word' id='word_1_15' title='bbox 658 699 684 783; x_wconf 83' lang='lat'><strong>²)</strong></span> <span class='ocrx_word' id='word_1_16' title='bbox 708 700 752 763; x_wconf 90' lang='lat' dir='ltr'><strong>sie</strong></span> <span class='ocrx_word' id='word_1_17' title='bbox 780 699 1005 783; x_wconf 86' lang='lat' dir='ltr'><strong>interpretatus</strong></span> <span class='ocrx_word' id='word_1_18' title='bbox 1029 719 1096 766; x_wconf 87' lang='lat' dir='ltr'><strong>esse</strong></span> <span class='ocrx_word' id='word_1_19' title='bbox 1119 700 1252 779; x_wconf 87' lang='lat' dir='ltr'><strong>videtur,</strong></span> <span class='ocrx_word' id='word_1_20' title='bbox 1274 707 1311 766; x_wconf 91' lang='lat' dir='ltr'><strong>ut</strong></span> 
     </span>
     <span class='ocr_line' id='line_1_4' title="bbox 173 803 1310 890; baseline 0.005 -25"><span class='ocrx_word' id='word_1_21' title='bbox 173 823 267 866; x_wconf 88' lang='lat' dir='ltr'><strong>naves</strong></span> <span class='ocrx_word' id='word_1_22' title='bbox 283 803 423 868; x_wconf 91' lang='lat' dir='ltr'><strong>nondum</strong></span> <span class='ocrx_word' id='word_1_23' title='bbox 441 805 533 887; x_wconf 85' lang='lat' dir='ltr'><strong>plane</strong></span> <span class='ocrx_word' id='word_1_24' title='bbox 552 809 727 870; x_wconf 86' lang='lat' dir='ltr'><strong>exstructas</strong></span> <span class='ocrx_word' id='word_1_25' title='bbox 745 805 941 888; x_wconf 53' lang='lat' dir='ltr'><strong>alaysandro</strong></span> <span class='ocrx_word' id='word_1_26' title='bbox 960 805 1139 872; x_wconf 86' lang='lat' dir='ltr'><strong>combustas</strong></span> <span class='ocrx_word' id='word_1_27' title='bbox 1158 828 1223 874; x_wconf 90' lang='lat' dir='ltr'><strong>esse</strong></span> <span class='ocrx_word' id='word_1_28' title='bbox 1243 807 1310 890; x_wconf 88' lang='lat' dir='ltr'><strong>opi-</strong></span> 
     </span>
     <span class='ocr_line' id='line_1_5' title="bbox 172 910 1310 996; baseline 0.007 -22"><span class='ocrx_word' id='word_1_29' title='bbox 172 914 310 974; x_wconf 86' lang='lat' dir='ltr'><strong>naretur.</strong></span> <span class='ocrx_word' id='word_1_30' title='bbox 346 910 438 976; x_wconf 91' lang='lat' dir='ltr'><strong>Hanc</strong></span> <span class='ocrx_word' id='word_1_31' title='bbox 455 911 495 976; x_wconf 87' lang='lat' dir='ltr'><strong>ad</strong></span> <span class='ocrx_word' id='word_1_32' title='bbox 519 912 699 996; x_wconf 83' lang='lat' dir='ltr'><strong>opinionem</strong></span> <span class='ocrx_word' id='word_1_33' title='bbox 721 911 774 976; x_wconf 90' lang='lat' dir='ltr'><strong>ille</strong></span> <span class='ocrx_word' id='word_1_34' title='bbox 789 913 838 976; x_wconf 89' lang='lat' dir='ltr'><strong>cis</strong></span> <span class='ocrx_word' id='word_1_35' title='bbox 861 912 937 978; x_wconf 88' lang='lat' dir='ltr'><strong>locis</strong></span> <span class='ocrx_word' id='word_1_36' title='bbox 956 913 1022 978; x_wconf 90' lang='lat' dir='ltr'><strong>siue</strong></span> <span class='ocrx_word' id='word_1_37' title='bbox 1041 912 1137 978; x_wconf 93' lang='lat' dir='ltr'><strong>dubio</strong></span> <span class='ocrx_word' id='word_1_38' title='bbox 1156 914 1310 982; x_wconf 89' lang='lat' dir='ltr'><strong>adductus</strong></span> 
     </span>
     <span class='ocr_line' id='line_1_6' title="bbox 174 1015 1311 1105; baseline 0.006 -26"><span class='ocrx_word' id='word_1_39' title='bbox 174 1023 233 1093; x_wconf 88' lang='lat' dir='ltr'><strong>est,</strong></span> <span class='ocrx_word' id='word_1_40' title='bbox 256 1015 310 1081; x_wconf 92' lang='lat' dir='ltr'><strong>ubi</strong></span> <span class='ocrx_word' id='word_1_41' title='bbox 336 1016 468 1100; x_wconf 85' lang='lat' dir='ltr'><strong>legimus</strong></span> <span class='ocrx_word' id='word_1_42' title='bbox 500 1018 633 1102; x_wconf 87' lang='lat' dir='ltr'><strong>triginta</strong></span> <span class='ocrx_word' id='word_1_43' title='bbox 661 1018 743 1084; x_wconf 77' lang='lat' dir='ltr'><strong>viros</strong></span> <span class='ocrx_word' id='word_1_44' title='bbox 770 1017 893 1082; x_wconf 84' lang='lat' dir='ltr'><strong>navalia</strong></span> <span class='ocrx_word' id='word_1_45' title='bbox 920 1017 1117 1085; x_wconf 89' lang='lat' dir='ltr'><strong>demolienda</strong></span> <span class='ocrx_word' id='word_1_46' title='bbox 1148 1020 1311 1105; x_wconf 82' lang='lat' dir='ltr'><strong>locasse.²)</strong></span> 
     </span>
     <span class='ocr_line' id='line_1_7' title="bbox 173 1122 1310 1208; baseline 0.004 -21"><span class='ocrx_word' id='word_1_47' title='bbox 173 1122 234 1187; x_wconf 86' lang='lat' dir='ltr'><strong>Sed</strong></span> <span class='ocrx_word' id='word_1_48' title='bbox 265 1143 419 1207; x_wconf 90' lang='lat' dir='ltr'><strong>nusquam</strong></span> <span class='ocrx_word' id='word_1_49' title='bbox 445 1125 622 1208; x_wconf 86' lang='lat' dir='ltr'><strong>accepimus</strong></span> <span class='ocrx_word' id='word_1_50' title='bbox 650 1146 743 1190; x_wconf 87' lang='lat' dir='ltr'><strong>naves</strong></span> <span class='ocrx_word' id='word_1_51' title='bbox 770 1123 970 1208; x_wconf 63' lang='lat' dir='ltr'><strong>imperfectas</strong></span> <span class='ocrx_word' id='word_1_52' title='bbox 993 1125 1026 1188; x_wconf 91' lang='lat' dir='ltr'><strong>iu</strong></span> <span class='ocrx_word' id='word_1_53' title='bbox 1053 1126 1217 1192; x_wconf 88' lang='lat' dir='ltr'><strong>navalibus</strong></span> <span class='ocrx_word' id='word_1_54' title='bbox 1244 1132 1310 1192; x_wconf 90' lang='lat' dir='ltr'><strong>tum</strong></span> 
     </span>
     <span class='ocr_line' id='line_1_8' title="bbox 172 1231 1311 1317; baseline 0.002 -23"><span class='ocrx_word' id='word_1_55' title='bbox 172 1231 322 1314; x_wconf 88' lang='lat' dir='ltr'><strong>temporis</strong></span> <span class='ocrx_word' id='word_1_56' title='bbox 349 1231 507 1296; x_wconf 81' lang='lat' dir='ltr'><strong>exstitisse</strong></span> <span class='ocrx_word' id='word_1_57' title='bbox 534 1253 635 1317; x_wconf 89' lang='lat' dir='ltr'><strong>neque</strong></span> <span class='ocrx_word' id='word_1_58' title='bbox 662 1231 819 1296; x_wconf 86' lang='lat' dir='ltr'><strong>navalium</strong></span> <span class='ocrx_word' id='word_1_59' title='bbox 844 1231 993 1296; x_wconf 83' lang='lat' dir='ltr'><strong>vocabulo</strong></span> <span class='ocrx_word' id='word_1_60' title='bbox 1021 1250 1083 1296; x_wconf 89' lang='lat' dir='ltr'><strong>una</strong></span> <span class='ocrx_word' id='word_1_61' title='bbox 1110 1234 1311 1317; x_wconf 90' lang='lat' dir='ltr'><strong>comprehen-</strong></span> 
     </span>
     <span class='ocr_line' id='line_1_9' title="bbox 172 1337 1311 1421; baseline 0.002 -19"><span class='ocrx_word' id='word_1_62' title='bbox 172 1337 289 1402; x_wconf 86' lang='lat' dir='ltr'><strong>duntur</strong></span> <span class='ocrx_word' id='word_1_63' title='bbox 315 1360 418 1404; x_wconf 85' lang='lat' dir='ltr'><strong>naves.</strong></span> <span class='ocrx_word' id='word_1_64' title='bbox 468 1339 531 1404; x_wconf 88' lang='lat' dir='ltr'><strong>Sed</strong></span> <span class='ocrx_word' id='word_1_65' title='bbox 563 1343 599 1403; x_wconf 89' lang='lat' dir='ltr'><strong>ut</strong></span> <span class='ocrx_word' id='word_1_66' title='bbox 630 1337 690 1404; x_wconf 91' lang='lat' dir='ltr'><strong>hoc</strong></span> <span class='ocrx_word' id='word_1_67' title='bbox 717 1359 842 1421; x_wconf 90' lang='lat' dir='ltr'><strong>quoque</strong></span> <span class='ocrx_word' id='word_1_68' title='bbox 870 1337 1060 1402; x_wconf 89' lang='lat' dir='ltr'><strong>concedatur</strong></span> <span class='ocrx_word' id='word_1_69' title='bbox 1093 1340 1217 1404; x_wconf 90' lang='lat' dir='ltr'><strong>navalia</strong></span> <span class='ocrx_word' id='word_1_70' title='bbox 1249 1363 1311 1405; x_wconf 89' lang='lat' dir='ltr'><strong>uua</strong></span> 
     </span>
     <span class='ocr_line' id='line_1_10' title="bbox 170 1444 1311 1530; baseline 0.002 -21"><span class='ocrx_word' id='word_1_71' title='bbox 170 1465 241 1509; x_wconf 91' lang='lat' dir='ltr'><strong>cum</strong></span> <span class='ocrx_word' id='word_1_72' title='bbox 268 1445 399 1510; x_wconf 82' lang='lat' dir='ltr'><strong>navibus</strong></span> <span class='ocrx_word' id='word_1_73' title='bbox 426 1447 566 1511; x_wconf 92' lang='lat' dir='ltr'><strong>nondum</strong></span> <span class='ocrx_word' id='word_1_74' title='bbox 591 1446 740 1530; x_wconf 89' lang='lat' dir='ltr'><strong>perfectis</strong></span> <span class='ocrx_word' id='word_1_75' title='bbox 769 1444 968 1510; x_wconf 88' lang='lat' dir='ltr'><strong>demolienda</strong></span> <span class='ocrx_word' id='word_1_76' title='bbox 995 1446 1099 1510; x_wconf 91' lang='lat' dir='ltr'><strong>locata</strong></span> <span class='ocrx_word' id='word_1_77' title='bbox 1126 1466 1206 1511; x_wconf 74' lang='lat' dir='ltr'><strong>esset</strong></span> <span class='ocrx_word' id='word_1_78' title='bbox 1237 1469 1311 1511; x_wconf 93' lang='lat' dir='ltr'><strong>num</strong></span> 
     </span>
     <span class='ocr_line' id='line_1_11' title="bbox 170 1550 1311 1638; baseline 0.002 -23"><span class='ocrx_word' id='word_1_79' title='bbox 170 1552 338 1616; x_wconf 82' lang='lat' dir='ltr'><strong>verisImile</strong></span> <span class='ocrx_word' id='word_1_80' title='bbox 360 1559 408 1618; x_wconf 87' lang='lat' dir='ltr'><strong>est</strong></span> <span class='ocrx_word' id='word_1_81' title='bbox 432 1553 561 1638; x_wconf 91' lang='lat' dir='ltr'><strong>eosqui</strong></span> <span class='ocrx_word' id='word_1_82' title='bbox 585 1553 813 1630; x_wconf 88' lang='lat' dir='ltr'><strong>conduxerant,</strong></span> <span class='ocrx_word' id='word_1_83' title='bbox 836 1550 962 1617; x_wconf 87' lang='lat' dir='ltr'><strong>tabulas</strong></span> <span class='ocrx_word' id='word_1_84' title='bbox 989 1551 1158 1635; x_wconf 91' lang='lat' dir='ltr'><strong>trabesque</strong></span> <span class='ocrx_word' id='word_1_85' title='bbox 1185 1554 1311 1617; x_wconf 84' lang='lat' dir='ltr'><strong>navium</strong></span> 
     </span>
     <span class='ocr_line' id='line_1_12' title="bbox 170 1658 1312 1745; baseline 0 -21"><span class='ocrx_word' id='word_1_86' title='bbox 170 1658 395 1724; x_wconf 82' lang='lat' dir='ltr'><strong>combussisse?</strong></span> <span class='ocrx_word' id='word_1_87' title='bbox 440 1658 534 1724; x_wconf 92' lang='lat' dir='ltr'><strong>Nullo</strong></span> <span class='ocrx_word' id='word_1_88' title='bbox 557 1659 656 1743; x_wconf 85' lang='lat' dir='ltr'><strong>igitur</strong></span> <span class='ocrx_word' id='word_1_89' title='bbox 678 1661 747 1725; x_wconf 88' lang='lat' dir='ltr'><strong>iuro</strong></span> <span class='ocrx_word' id='word_1_90' title='bbox 766 1659 903 1737; x_wconf 86' lang='lat' dir='ltr'><strong>Grotius,</strong></span> <span class='ocrx_word' id='word_1_91' title='bbox 926 1667 962 1724; x_wconf 90' lang='lat' dir='ltr'><strong>ut</strong></span> <span class='ocrx_word' id='word_1_92' title='bbox 984 1661 1091 1745; x_wconf 88' lang='lat' dir='ltr'><strong>aliquo</strong></span> <span class='ocrx_word' id='word_1_93' title='bbox 1114 1659 1207 1724; x_wconf 88' lang='lat' dir='ltr'><strong>modo</strong></span> <span class='ocrx_word' id='word_1_94' title='bbox 1226 1681 1312 1724; x_wconf 89' lang='lat' dir='ltr'><strong>erro-</strong></span> 
     </span>
     <span class='ocr_line' id='line_1_13' title="bbox 170 1765 1311 1850; baseline 0 -20"><span class='ocrx_word' id='word_1_95' title='bbox 170 1787 238 1830; x_wconf 89' lang='lat' dir='ltr'><strong>rem</strong></span> <span class='ocrx_word' id='word_1_96' title='bbox 264 1765 426 1832; x_wconf 81' lang='lat' dir='ltr'><strong>Plutarchi</strong></span> <span class='ocrx_word' id='word_1_97' title='bbox 459 1765 642 1850; x_wconf 80' lang='lat' dir='ltr'><strong>explicaret,</strong></span> <span class='ocrx_word' id='word_1_98' title='bbox 675 1767 761 1831; x_wconf 90' lang='lat' dir='ltr'><strong>illam</strong></span> <span class='ocrx_word' id='word_1_99' title='bbox 793 1767 972 1850; x_wconf 91' lang='lat' dir='ltr'><strong>opinionem</strong></span> <span class='ocrx_word' id='word_1_100' title='bbox 1004 1766 1145 1850; x_wconf 93' lang='lat' dir='ltr'><strong>protulit.</strong></span> <span class='ocrx_word' id='word_1_101' title='bbox 1199 1765 1311 1849; x_wconf 89' lang='lat' dir='ltr'><strong>Itaque</strong></span> 
     </span>
     <span class='ocr_line' id='line_1_14' title="bbox 170 1873 1313 1940; baseline -0.001 -2"><span class='ocrx_word' id='word_1_102' title='bbox 170 1874 340 1938; x_wconf 88' lang='lat' dir='ltr'><strong>tenendum</strong></span> <span class='ocrx_word' id='word_1_103' title='bbox 360 1879 408 1939; x_wconf 90' lang='lat' dir='ltr'><strong>est</strong></span> <span class='ocrx_word' id='word_1_104' title='bbox 427 1880 458 1938; x_wconf 91' lang='lat' dir='ltr'><strong>et</strong></span> <span class='ocrx_word' id='word_1_105' title='bbox 476 1873 681 1938; x_wconf 86' lang='lat' dir='ltr'><strong>Plutarchum</strong></span> <span class='ocrx_word' id='word_1_106' title='bbox 704 1875 736 1939; x_wconf 92' lang='lat' dir='ltr'><strong>in</strong></span> <span class='ocrx_word' id='word_1_107' title='bbox 755 1894 860 1938; x_wconf 89' lang='lat' dir='ltr'><strong>errore</strong></span> <span class='ocrx_word' id='word_1_108' title='bbox 878 1874 997 1939; x_wconf 84' lang='lat' dir='ltr'><strong>versari</strong></span> <span class='ocrx_word' id='word_1_109' title='bbox 1020 1895 1077 1940; x_wconf 92' lang='lat' dir='ltr'><strong>nec</strong></span> <span class='ocrx_word' id='word_1_110' title='bbox 1095 1894 1152 1938; x_wconf 89' lang='lat' dir='ltr'><strong>nos</strong></span> <span class='ocrx_word' id='word_1_111' title='bbox 1174 1893 1313 1938; x_wconf 91' lang='lat' dir='ltr'><strong>errorem</strong></span> 
     </span>
     <span class='ocr_line' id='line_1_15' title="bbox 171 1979 1311 2065; baseline 0.001 -21"><span class='ocrx_word' id='word_1_112' title='bbox 171 1981 327 2065; x_wconf 84' lang='lat' dir='ltr'><strong>explicare</strong></span> <span class='ocrx_word' id='word_1_113' title='bbox 348 2001 449 2064; x_wconf 87' lang='lat' dir='ltr'><strong>posse,</strong></span> <span class='ocrx_word' id='word_1_114' title='bbox 472 1981 531 2046; x_wconf 89' lang='lat' dir='ltr'><strong>nisi</strong></span> <span class='ocrx_word' id='word_1_115' title='bbox 552 1979 707 2065; x_wconf 80' lang='lat' dir='ltr'><strong>Scipionis</strong></span> <span class='ocrx_word' id='word_1_116' title='bbox 726 1979 900 2064; x_wconf 86' lang='lat' dir='ltr'><strong>exemplum</strong></span> <span class='ocrx_word' id='word_1_117' title='bbox 923 1980 965 2046; x_wconf 89' lang='lat' dir='ltr'><strong>ad</strong></span> <span class='ocrx_word' id='word_1_118' title='bbox 987 1979 1186 2065; x_wconf 83' lang='lat' dir='ltr'><strong>Lysandrum</strong></span> <span class='ocrx_word' id='word_1_119' title='bbox 1209 1987 1311 2045; x_wconf 89' lang='lat' dir='ltr'><strong>trans-</strong></span> 
     </span>
     <span class='ocr_line' id='line_1_16' title="bbox 172 2088 481 2174; baseline 0 -22"><span class='ocrx_word' id='word_1_120' title='bbox 172 2088 270 2152; x_wconf 88' lang='lat' dir='ltr'><strong>latum</strong></span> <span class='ocrx_word' id='word_1_121' title='bbox 294 2088 443 2154; x_wconf 82' lang='lat' dir='ltr'><strong>‹lieamus</strong></span> <span class='ocrx_word' id='word_1_122' title='bbox 454 2089 481 2174; x_wconf 86' lang='lat'><strong>³)</strong></span> 
     </span>
    </p>

    <p class='ocr_par' dir='ltr' id='par_1_3' title="bbox 164 2193 1313 3666">
     <span class='ocr_line' id='line_1_17' title="bbox 259 2193 1312 2279; baseline 0 -21"><span class='ocrx_word' id='word_1_123' title='bbox 259 2193 325 2259; x_wconf 91' lang='lat' dir='ltr'><strong>Iam</strong></span> <span class='ocrx_word' id='word_1_124' title='bbox 339 2201 376 2259; x_wconf 92' lang='lat' dir='ltr'><strong>ut</strong></span> <span class='ocrx_word' id='word_1_125' title='bbox 394 2195 434 2259; x_wconf 90' lang='lat' dir='ltr'><strong>ad</strong></span> <span class='ocrx_word' id='word_1_126' title='bbox 454 2197 592 2258; x_wconf 86' lang='lat' dir='ltr'><strong>virorum</strong></span> <span class='ocrx_word' id='word_1_127' title='bbox 611 2194 809 2277; x_wconf 89' lang='lat' dir='ltr'><strong>popularium</strong></span> <span class='ocrx_word' id='word_1_128' title='bbox 825 2199 986 2279; x_wconf 88' lang='lat' dir='ltr'><strong>captorum</strong></span> <span class='ocrx_word' id='word_1_129' title='bbox 1002 2199 1124 2278; x_wconf 89' lang='lat' dir='ltr'><strong>tempus</strong></span> <span class='ocrx_word' id='word_1_130' title='bbox 1139 2195 1312 2270; x_wconf 82' lang='lat' dir='ltr'><strong>redeamus,</strong></span> 
     </span>
     <span class='ocr_line' id='line_1_18' title="bbox 168 2291 1312 2388; baseline 0 -24"><span class='ocrx_word' id='word_1_131' title='bbox 168 2301 267 2365; x_wconf 87' lang='lat' dir='ltr'><strong>verba</strong></span> <span class='ocrx_word' id='word_1_132' title='bbox 280 2299 393 2385; x_wconf 84' lang='lat' dir='ltr'><strong>Lysiae</strong></span> <span class='ocrx_word' id='word_1_133' title='bbox 413 2293 526 2388; x_wconf 78' lang='grc' dir='ltr'><strong><em>ἐπειδὴ</em></strong></span> <span class='ocrx_word' id='word_1_134' title='bbox 545 2291 608 2386; x_wconf 77' lang='grc' dir='ltr'><strong>γὰρ</strong></span> <span class='ocrx_word' id='word_1_135' title='bbox 629 2299 751 2365; x_wconf 77' lang='grc' dir='ltr'><strong><em>έκεῖνοι</em></strong></span> <span class='ocrx_word' id='word_1_136' title='bbox 771 2301 1021 2388; x_wconf 75' lang='grc' dir='ltr'><strong>συλληφθέντες</strong></span> <span class='ocrx_word' id='word_1_137' title='bbox 1040 2298 1215 2388; x_wconf 76' lang='grc' dir='ltr'><strong><em>ἐδέθησαν,</em></strong></span> <span class='ocrx_word' id='word_1_138' title='bbox 1236 2295 1312 2365; x_wconf 85' lang='grc' dir='ltr'><strong><em>τότε</em></strong></span> 
     </span>
     <span class='ocr_line' id='line_1_19' title="bbox 167 2397 1312 2494; baseline -0.002 -22"><span class='ocrx_word' id='word_1_139' title='bbox 167 2408 226 2472; x_wconf 84' lang='grc' dir='ltr'><strong>καὶ</strong></span> <span class='ocrx_word' id='word_1_140' title='bbox 255 2399 273 2472; x_wconf 87' lang='grc' dir='ltr'><strong><em>δ</em></strong></span> <span class='ocrx_word' id='word_1_141' title='bbox 298 2403 492 2494; x_wconf 83' lang='grc' dir='ltr'><strong><em>Λύσανδρος</em></strong></span> <span class='ocrx_word' id='word_1_142' title='bbox 520 2407 566 2486; x_wconf 80' lang='grc' dir='ltr'><strong><em>εἰς</em></strong></span> <span class='ocrx_word' id='word_1_143' title='bbox 593 2397 673 2484; x_wconf 67' lang='lat' dir='ltr'><strong>rode</strong></span> <span class='ocrx_word' id='word_1_144' title='bbox 701 2407 833 2491; x_wconf 78' lang='grc' dir='ltr'><em>λιμένας</em></span> <span class='ocrx_word' id='word_1_145' title='bbox 860 2406 1062 2473; x_wconf 77' lang='grc' dir='ltr'><strong><em>κατέπλευσε</em></strong></span> <span class='ocrx_word' id='word_1_146' title='bbox 1091 2407 1148 2472; x_wconf 87' lang='grc' dir='ltr'><strong>καὶ</strong></span> <span class='ocrx_word' id='word_1_147' title='bbox 1176 2403 1209 2471; x_wconf 88' lang='lat' dir='ltr'><strong>ul</strong></span> <span class='ocrx_word' id='word_1_148' title='bbox 1237 2413 1312 2492; x_wconf 83' lang='grc' dir='ltr'><strong><em>νῆες</em></strong></span> 
     </span>
     <span class='ocr_line' id='line_1_20' title="bbox 164 2505 1312 2601; baseline -0.003 -21"><span class='ocrx_word' id='word_1_149' title='bbox 164 2511 204 2592; x_wconf 76' lang='grc' dir='ltr'><strong>Ιαἱ</strong></span> <span class='ocrx_word' id='word_1_150' title='bbox 228 2506 382 2601; x_wconf 81' lang='grc' dir='ltr'><strong><em>ὑμέτεραι</em></strong></span> <span class='ocrx_word' id='word_1_151' title='bbox 401 2513 677 2598; x_wconf 76' lang='grc' dir='ltr'><strong><em>Λακεδαιμονίοις</em></strong></span> <span class='ocrx_word' id='word_1_152' title='bbox 698 2512 939 2601; x_wconf 80' lang='grc' dir='ltr'><strong><em>παρεδόθησαν</em></strong></span> <span class='ocrx_word' id='word_1_153' title='bbox 962 2515 1019 2579; x_wconf 87' lang='grc' dir='ltr'><strong>καὶ</strong></span> <span class='ocrx_word' id='word_1_154' title='bbox 1041 2505 1082 2578; x_wconf 80' lang='grc' dir='ltr'><strong>τὰ</strong></span> <span class='ocrx_word' id='word_1_155' title='bbox 1104 2514 1193 2600; x_wconf 76' lang='grc' dir='ltr'><strong><em>τείχη</em></strong></span> <span class='ocrx_word' id='word_1_156' title='bbox 1216 2535 1312 2577; x_wconf 87' lang='grc' dir='ltr'><strong><em>κατε·</em></strong></span> 
     </span>
     <span class='ocr_line' id='line_1_21' title="bbox 167 2616 1312 2709; baseline -0.003 -22"><span class='ocrx_word' id='word_1_157' title='bbox 167 2616 283 2708; x_wconf 78' lang='grc' dir='ltr'><strong><em>σκάφη</em></strong></span> <span class='ocrx_word' id='word_1_158' title='bbox 305 2621 362 2686; x_wconf 81' lang='grc' dir='ltr'><strong>καὶ</strong></span> <span class='ocrx_word' id='word_1_159' title='bbox 381 2618 413 2686; x_wconf 78' lang='grc' dir='ltr'><strong>οἱ</strong></span> <span class='ocrx_word' id='word_1_160' title='bbox 437 2617 619 2706; x_wconf 82' lang='grc' dir='ltr'><strong><em>τριάκοντα</em></strong></span> <span class='ocrx_word' id='word_1_161' title='bbox 636 2620 841 2709; x_wconf 88' lang='grc' dir='ltr'><strong><em>κατέστησαν</em></strong></span> <span class='ocrx_word' id='word_1_162' title='bbox 860 2619 962 2707; x_wconf 85' lang='grc' dir='ltr'>(ΧΙΙΙ,</span> <span class='ocrx_word' id='word_1_163' title='bbox 976 2620 1043 2706; x_wconf 87' lang='grc'><strong>34),</strong></span> <span class='ocrx_word' id='word_1_164' title='bbox 1066 2619 1092 2684; x_wconf 89' lang='lat' dir='ltr'><strong>si</strong></span> <span class='ocrx_word' id='word_1_165' title='bbox 1115 2619 1207 2684; x_wconf 89' lang='lat' dir='ltr'><strong>modo</strong></span> <span class='ocrx_word' id='word_1_166' title='bbox 1226 2623 1312 2684; x_wconf 85' lang='lat' dir='ltr'><strong>recte</strong></span> 
     </span>
     <span class='ocr_line' id='line_1_22' title="bbox 167 2727 1313 2812; baseline 0 -20"><span class='ocrx_word' id='word_1_167' title='bbox 167 2728 401 2812; x_wconf 86' lang='lat' dir='ltr'><strong>disputavimus</strong></span> <span class='ocrx_word' id='word_1_168' title='bbox 424 2749 518 2793; x_wconf 84' lang='lat' dir='ltr'><strong>naves</strong></span> <span class='ocrx_word' id='word_1_169' title='bbox 542 2729 650 2792; x_wconf 85' lang='lat' dir='ltr'><strong>statim</strong></span> <span class='ocrx_word' id='word_1_170' title='bbox 672 2732 745 2812; x_wconf 89' lang='lat' dir='ltr'><strong>post</strong></span> <span class='ocrx_word' id='word_1_171' title='bbox 771 2749 880 2812; x_wconf 90' lang='lat' dir='ltr'><strong>pacem</strong></span> <span class='ocrx_word' id='word_1_172' title='bbox 904 2733 1063 2811; x_wconf 86' lang='lat' dir='ltr'><strong>acceptam</strong></span> <span class='ocrx_word' id='word_1_173' title='bbox 1087 2727 1222 2792; x_wconf 88' lang='lat' dir='ltr'><strong>traditas</strong></span> <span class='ocrx_word' id='word_1_174' title='bbox 1244 2747 1313 2792; x_wconf 91' lang='lat' dir='ltr'><strong>mu·</strong></span> 
     </span>
     <span class='ocr_line' id='line_1_23' title="bbox 167 2817 1312 2920; baseline -0.003 -20"><span class='ocrx_word' id='word_1_175' title='bbox 167 2817 284 2920; x_wconf 68' lang='lat' dir='ltr'><strong>rosqu&#39;e</strong></span> <span class='ocrx_word' id='word_1_176' title='bbox 307 2835 407 2900; x_wconf 86' lang='lat' dir='ltr'><strong>deleri</strong></span> <span class='ocrx_word' id='word_1_177' title='bbox 430 2841 557 2918; x_wconf 87' lang='lat' dir='ltr'><strong>coeptos</strong></span> <span class='ocrx_word' id='word_1_178' title='bbox 581 2855 657 2911; x_wconf 87' lang='lat' dir='ltr'><strong>esse,</strong></span> <span class='ocrx_word' id='word_1_179' title='bbox 680 2834 852 2900; x_wconf 85' lang='lat' dir='ltr'><strong>clarissime</strong></span> <span class='ocrx_word' id='word_1_180' title='bbox 873 2834 1017 2900; x_wconf 90' lang='lat' dir='ltr'><strong>indicant</strong></span> <span class='ocrx_word' id='word_1_181' title='bbox 1040 2836 1122 2900; x_wconf 87' lang='lat' dir='ltr'><strong>viros</strong></span> <span class='ocrx_word' id='word_1_182' title='bbox 1145 2835 1312 2919; x_wconf 76' lang='lat' dir='ltr'><strong>populares</strong></span> 
     </span>
     <span class='ocr_line' id='line_1_24' title="bbox 167 2941 1312 3027; baseline -0.002 -20"><span class='ocrx_word' id='word_1_183' title='bbox 167 2949 246 3008; x_wconf 89' lang='lat' dir='ltr'><strong>ante</strong></span> <span class='ocrx_word' id='word_1_184' title='bbox 274 2963 383 3026; x_wconf 87' lang='lat' dir='ltr'><strong>pacem</strong></span> <span class='ocrx_word' id='word_1_185' title='bbox 410 2941 526 3008; x_wconf 84' lang='lat' dir='ltr'><strong>laetam</strong></span> <span class='ocrx_word' id='word_1_186' title='bbox 554 2947 662 3025; x_wconf 90' lang='lat' dir='ltr'><strong>captos</strong></span> <span class='ocrx_word' id='word_1_187' title='bbox 690 2961 766 3006; x_wconf 85' lang='lat' dir='ltr'><strong>esse.</strong></span> <span class='ocrx_word' id='word_1_188' title='bbox 811 2941 858 3006; x_wconf 82' lang='lat' dir='ltr'><strong>Ac</strong></span> <span class='ocrx_word' id='word_1_189' title='bbox 880 2943 907 3006; x_wconf 90' lang='lat' dir='ltr'><strong>si</strong></span> <span class='ocrx_word' id='word_1_190' title='bbox 931 2942 1001 3027; x_wconf 90' lang='lat' dir='ltr'><strong>quis</strong></span> <span class='ocrx_word' id='word_1_191' title='bbox 1025 2941 1159 3019; x_wconf 88' lang='lat' dir='ltr'><strong>dubitet,</strong></span> <span class='ocrx_word' id='word_1_192' title='bbox 1186 2943 1214 3006; x_wconf 88' lang='lat' dir='ltr'><strong>is</strong></span> <span class='ocrx_word' id='word_1_193' title='bbox 1237 2961 1312 3006; x_wconf 91' lang='lat' dir='ltr'><strong>oon-</strong></span> 
     </span>
     <span class='ocr_line' id='line_1_25' title="bbox 167 3044 1313 3132; baseline -0.003 -17"><span class='ocrx_word' id='word_1_194' title='bbox 167 3050 303 3127; x_wconf 87' lang='lat' dir='ltr'><strong>sideret,</strong></span> <span class='ocrx_word' id='word_1_195' title='bbox 335 3048 432 3115; x_wconf 88' lang='lat' dir='ltr'><strong>verba</strong></span> <span class='ocrx_word' id='word_1_196' title='bbox 458 3044 536 3114; x_wconf 89' lang='grc' dir='ltr'><strong><em>τότε</em></strong></span> <span class='ocrx_word' id='word_1_197' title='bbox 562 3049 618 3113; x_wconf 80' lang='grc' dir='ltr'><strong>καί</strong></span> <span class='ocrx_word' id='word_1_198' title='bbox 652 3049 794 3132; x_wconf 73' lang='lat' dir='ltr'><strong>graVIter</strong></span> <span class='ocrx_word' id='word_1_199' title='bbox 823 3071 860 3113; x_wconf 87' lang='lat' dir='ltr'><strong>ac</strong></span> <span class='ocrx_word' id='word_1_200' title='bbox 887 3049 1082 3114; x_wconf 88' lang='lat' dir='ltr'><strong>sollemniter</strong></span> <span class='ocrx_word' id='word_1_201' title='bbox 1108 3048 1313 3132; x_wconf 90' lang='lat' dir='ltr'><strong>pronuntiata</strong></span> 
     </span>
     <span class='ocr_line' id='line_1_26' title="bbox 166 3153 1313 3239; baseline -0.003 -19"><span class='ocrx_word' id='word_1_202' title='bbox 166 3177 253 3232; x_wconf 87' lang='lat' dir='ltr'><strong>esse,</strong></span> <span class='ocrx_word' id='word_1_203' title='bbox 282 3156 328 3221; x_wconf 87' lang='lat' dir='ltr'><strong>ita</strong></span> <span class='ocrx_word' id='word_1_204' title='bbox 354 3163 391 3220; x_wconf 93' lang='lat' dir='ltr'><strong>ut</strong></span> <span class='ocrx_word' id='word_1_205' title='bbox 418 3177 480 3220; x_wconf 90' lang='lat' dir='ltr'><strong>uon</strong></span> <span class='ocrx_word' id='word_1_206' title='bbox 509 3155 655 3221; x_wconf 82' lang='lat' dir='ltr'><strong>videatur</strong></span> <span class='ocrx_word' id='word_1_207' title='bbox 683 3154 827 3232; x_wconf 91' lang='lat' dir='ltr'><strong>dubium,</strong></span> <span class='ocrx_word' id='word_1_208' title='bbox 858 3156 934 3239; x_wconf 90' lang='lat' dir='ltr'><strong>quin</strong></span> <span class='ocrx_word' id='word_1_209' title='bbox 964 3157 1003 3220; x_wconf 90' lang='lat' dir='ltr'><strong>de</strong></span> <span class='ocrx_word' id='word_1_210' title='bbox 1030 3155 1130 3238; x_wconf 91' lang='lat' dir='ltr'><strong>primo</strong></span> <span class='ocrx_word' id='word_1_211' title='bbox 1158 3153 1313 3239; x_wconf 88' lang='lat' dir='ltr'><strong>Lysandri</strong></span> 
     </span>
     <span class='ocr_line' id='line_1_27' title="bbox 166 3260 1313 3346; baseline -0.002 -20"><span class='ocrx_word' id='word_1_212' title='bbox 166 3264 308 3328; x_wconf 84' lang='lat' dir='ltr'><strong>adventu</strong></span> <span class='ocrx_word' id='word_1_213' title='bbox 337 3263 485 3346; x_wconf 89' lang='lat' dir='ltr'><strong>loquatur</strong></span> <span class='ocrx_word' id='word_1_214' title='bbox 512 3262 632 3346; x_wconf 58' lang='lat' dir='ltr'><strong>Lysias:</strong></span> <span class='ocrx_word' id='word_1_215' title='bbox 676 3261 757 3326; x_wconf 91' lang='lat' dir='ltr'><strong>Nam</strong></span> <span class='ocrx_word' id='word_1_216' title='bbox 780 3261 806 3326; x_wconf 92' lang='lat' dir='ltr'><strong>si</strong></span> <span class='ocrx_word' id='word_1_217' title='bbox 834 3261 971 3326; x_wconf 89' lang='lat' dir='ltr'><strong>alterum</strong></span> <span class='ocrx_word' id='word_1_218' title='bbox 998 3260 1209 3344; x_wconf 82' lang='lat' dir='ltr'><strong>intellegeret,</strong></span> <span class='ocrx_word' id='word_1_219' title='bbox 1237 3261 1313 3346; x_wconf 91' lang='lat' dir='ltr'><strong>quid</strong></span> 
     </span>
     <span class='ocr_line' id='line_1_28' title="bbox 167 3367 1312 3452; baseline 0.001 -21"><span class='ocrx_word' id='word_1_220' title='bbox 167 3389 249 3452; x_wconf 90' lang='lat' dir='ltr'><strong>opus</strong></span> <span class='ocrx_word' id='word_1_221' title='bbox 273 3375 342 3434; x_wconf 89' lang='lat' dir='ltr'><strong>erat</strong></span> <span class='ocrx_word' id='word_1_222' title='bbox 369 3369 517 3452; x_wconf 86' lang='lat' dir='ltr'><strong>gravibus</strong></span> <span class='ocrx_word' id='word_1_223' title='bbox 540 3367 644 3433; x_wconf 82' lang='lat' dir='ltr'><strong>verbis</strong></span> <span class='ocrx_word' id='word_1_224' title='bbox 667 3389 810 3445; x_wconf 88' lang='lat' dir='ltr'><strong>narrare,</strong></span> <span class='ocrx_word' id='word_1_225' title='bbox 833 3373 900 3433; x_wconf 91' lang='lat' dir='ltr'><strong>tum</strong></span> <span class='ocrx_word' id='word_1_226' title='bbox 924 3389 997 3434; x_wconf 86' lang='lat' dir='ltr'><strong>vero</strong></span> <span class='ocrx_word' id='word_1_227' title='bbox 1020 3367 1054 3431; x_wconf 93' lang='lat' dir='ltr'><strong>in</strong></span> <span class='ocrx_word' id='word_1_228' title='bbox 1077 3367 1222 3433; x_wconf 88' lang='lat' dir='ltr'><strong>Piraeum</strong></span> <span class='ocrx_word' id='word_1_229' title='bbox 1246 3388 1312 3433; x_wconf 88' lang='lat' dir='ltr'><strong>esse</strong></span> 
     </span>
     <span class='ocr_line' id='line_1_29' title="bbox 166 3473 1313 3560; baseline -0.001 -22"><span class='ocrx_word' id='word_1_230' title='bbox 166 3475 327 3542; x_wconf 82' lang='lat' dir='ltr'><strong>invectum</strong></span> <span class='ocrx_word' id='word_1_231' title='bbox 359 3475 570 3560; x_wconf 88' lang='lat' dir='ltr'><strong>Lysandrum,</strong></span> <span class='ocrx_word' id='word_1_232' title='bbox 602 3475 691 3560; x_wconf 89' lang='lat' dir='ltr'><strong>quasi</strong></span> <span class='ocrx_word' id='word_1_233' title='bbox 724 3475 902 3540; x_wconf 90' lang='lat' dir='ltr'><strong>inauditum</strong></span> <span class='ocrx_word' id='word_1_234' title='bbox 935 3473 1056 3538; x_wconf 88' lang='lat' dir='ltr'><strong>facinus</strong></span> <span class='ocrx_word' id='word_1_235' title='bbox 1087 3496 1180 3540; x_wconf 90' lang='lat' dir='ltr'><strong>ausus</strong></span> <span class='ocrx_word' id='word_1_236' title='bbox 1212 3474 1313 3540; x_wconf 84' lang='lat' dir='ltr'><strong>esset?</strong></span> 
     </span>
     <span class='ocr_line' id='line_1_30' title="bbox 166 3581 1313 3666; baseline -0.002 -21"><span class='ocrx_word' id='word_1_237' title='bbox 166 3581 290 3648; x_wconf 87' lang='lat' dir='ltr'><strong>Contra</strong></span> <span class='ocrx_word' id='word_1_238' title='bbox 317 3583 373 3648; x_wconf 93' lang='lat' dir='ltr'><strong>illa</strong></span> <span class='ocrx_word' id='word_1_239' title='bbox 400 3582 496 3648; x_wconf 84' lang='lat' dir='ltr'><strong>rerba</strong></span> <span class='ocrx_word' id='word_1_240' title='bbox 520 3583 560 3648; x_wconf 92' lang='lat' dir='ltr'><strong>de</strong></span> <span class='ocrx_word' id='word_1_241' title='bbox 583 3603 620 3648; x_wconf 92' lang='lat' dir='ltr'><strong>oo</strong></span> <span class='ocrx_word' id='word_1_242' title='bbox 648 3590 803 3665; x_wconf 88' lang='lat' dir='ltr'><strong>tempore,</strong></span> <span class='ocrx_word' id='word_1_243' title='bbox 831 3602 892 3666; x_wconf 91' lang='lat' dir='ltr'><strong>quo</strong></span> <span class='ocrx_word' id='word_1_244' title='bbox 919 3581 1055 3665; x_wconf 88' lang='lat' dir='ltr'><strong>primurn</strong></span> <span class='ocrx_word' id='word_1_245' title='bbox 1081 3603 1119 3646; x_wconf 83' lang='lat' dir='ltr'><strong>ex</strong></span> <span class='ocrx_word' id='word_1_246' title='bbox 1142 3581 1313 3664; x_wconf 82' lang='lat' dir='ltr'><strong>Athenien-</strong></span> 
     </span>
    </p>
   </div>
   <div class='ocr_carea' id='block_1_3' title="bbox 163 3823 1314 4527">
    <p class='ocr_par' dir='ltr' id='par_1_4' title="bbox 163 3823 1314 4079">
     <span class='ocr_line' id='line_1_31' title="bbox 165 3823 1314 3902; baseline 0 -21"><span class='ocrx_word' id='word_1_247' title='bbox 165 3823 201 3881; x_wconf 84' lang='grc' dir='ltr'><strong>τὰ</strong></span> <span class='ocrx_word' id='word_1_248' title='bbox 220 3827 321 3902; x_wconf 83' lang='grc' dir='ltr'><strong><em>μακρὰ</em></strong></span> <span class='ocrx_word' id='word_1_249' title='bbox 341 3829 428 3900; x_wconf 81' lang='grc' dir='ltr'><strong><em>σκέλη</em></strong></span> <span class='ocrx_word' id='word_1_250' title='bbox 448 3832 497 3884; x_wconf 85' lang='grc' dir='ltr'><strong><em>καλ</em></strong></span> <span class='ocrx_word' id='word_1_251' title='bbox 514 3825 549 3885; x_wconf 88' lang='grc' dir='ltr'><strong>τδι</strong></span> <span class='ocrx_word' id='word_1_252' title='bbox 568 3831 645 3901; x_wconf 82' lang='grc' dir='ltr'><strong><em>τεέχη</em></strong></span> <span class='ocrx_word' id='word_1_253' title='bbox 665 3831 715 3884; x_wconf 81' lang='grc' dir='ltr'><strong>τοῦ</strong></span> <span class='ocrx_word' id='word_1_254' title='bbox 731 3830 874 3902; x_wconf 78' lang='grc' dir='ltr'><strong><em>Πειραιῶς</em></strong></span> <span class='ocrx_word' id='word_1_255' title='bbox 892 3829 1034 3900; x_wconf 84' lang='grc' dir='ltr'><strong><em>περιελεῖν</em></strong></span> <span class='ocrx_word' id='word_1_256' title='bbox 1052 3829 1100 3883; x_wconf 87' lang='grc' dir='ltr'><strong><em>καλ</em></strong></span> <span class='ocrx_word' id='word_1_257' title='bbox 1118 3825 1229 3900; x_wconf 83' lang='grc' dir='ltr'><strong><em>μακρὰς</em></strong></span> <span class='ocrx_word' id='word_1_258' title='bbox 1248 3832 1314 3892; x_wconf 80' lang='grc' dir='ltr'><strong><em>ναῦς</em></strong></span> 
     </span>
     <span class='ocr_line' id='line_1_32' title="bbox 163 3911 1314 3989; baseline 0.001 -19"><span class='ocrx_word' id='word_1_259' title='bbox 163 3911 203 3982; x_wconf 69' lang='grc' dir='ltr'><strong>μὴ</strong></span> <span class='ocrx_word' id='word_1_260' title='bbox 225 3917 316 3973; x_wconf 86' lang='grc' dir='ltr'><strong><em>πλέον</em></strong></span> <span class='ocrx_word' id='word_1_261' title='bbox 335 3913 410 3989; x_wconf 77' lang='grc' dir='ltr'><strong><em>ἔχειν</em></strong></span> <span class='ocrx_word' id='word_1_262' title='bbox 425 3916 493 3972; x_wconf 84' lang='grc' dir='ltr'><strong><em>δέκα</em></strong></span> <span class='ocrx_word' id='word_1_263' title='bbox 508 3919 711 3986; x_wconf 72' lang='lat' dir='ltr'><strong>(XIII‚107‚4l.</strong></span> <span class='ocrx_word' id='word_1_264' title='bbox 739 3917 875 3974; x_wconf 85' lang='lat' dir='ltr'><strong>Dlodorus</strong></span> <span class='ocrx_word' id='word_1_265' title='bbox 894 3917 979 3987; x_wconf 81' lang='lat' dir='ltr'><strong>Igitur</strong></span> <span class='ocrx_word' id='word_1_266' title='bbox 997 3923 1045 3972; x_wconf 88' lang='lat' dir='ltr'><strong>ant</strong></span> <span class='ocrx_word' id='word_1_267' title='bbox 1064 3918 1167 3974; x_wconf 78' lang='lat' dir='ltr'><strong>enavit</strong></span> <span class='ocrx_word' id='word_1_268' title='bbox 1185 3924 1233 3972; x_wconf 87' lang='lat' dir='ltr'><strong>aut</strong></span> <span class='ocrx_word' id='word_1_269' title='bbox 1253 3933 1314 3972; x_wconf 88' lang='lat' dir='ltr'><strong>cum</strong></span> 
     </span>
     <span class='ocr_line' id='line_1_33' title="bbox 165 3999 1165 4079; baseline 0.004 -21"><span class='ocrx_word' id='word_1_270' title='bbox 165 4003 356 4079; x_wconf 80' lang='lat' dir='ltr'><strong>Wesselingio</strong></span> <span class='ocrx_word' id='word_1_271' title='bbox 375 4024 424 4078; x_wconf 85' lang='lat' dir='ltr'><strong>pro</strong></span> <span class='ocrx_word' id='word_1_272' title='bbox 444 4005 513 4062; x_wconf 83' lang='grc' dir='ltr'><strong><em>δέκα</em></strong></span> <span class='ocrx_word' id='word_1_273' title='bbox 532 4008 705 4064; x_wconf 84' lang='lat' dir='ltr'><strong>scribendum</strong></span> <span class='ocrx_word' id='word_1_274' title='bbox 725 4002 844 4063; x_wconf 81' lang='grc' dir='ltr'><strong><em>δώδεκα.</em></strong></span> <span class='ocrx_word' id='word_1_275' title='bbox 1163 3999 1165 4006; x_wconf 69' lang='grc'>’</span> 
     </span>
    </p>

    <p class='ocr_par' dir='ltr' id='par_1_5' title="bbox 165 4096 1313 4242">
     <span class='ocr_line' id='line_1_34' title="bbox 260 4096 1313 4169; baseline -0.002 -17"><span class='ocrx_word' id='word_1_276' title='bbox 260 4099 280 4160; x_wconf 91' lang='lat'><strong>¹)</strong></span> <span class='ocrx_word' id='word_1_277' title='bbox 299 4098 365 4153; x_wconf 89' lang='lat' dir='ltr'>VIII</span> <span class='ocrx_word' id='word_1_278' title='bbox 384 4114 410 4166; x_wconf 89' lang='lat' dir='ltr'><strong>p.</strong></span> <span class='ocrx_word' id='word_1_279' title='bbox 425 4099 468 4152; x_wconf 79' lang='lat'><strong>21.</strong></span> <span class='ocrx_word' id='word_1_280' title='bbox 508 4096 563 4152; x_wconf 80' lang='lat' dir='ltr'><strong>The</strong></span> <span class='ocrx_word' id='word_1_281' title='bbox 580 4096 740 4166; x_wconf 68' lang='lat' dir='ltr'><strong>unfinutad</strong></span> <span class='ocrx_word' id='word_1_282' title='bbox 757 4097 832 4166; x_wconf 72' lang='lat' dir='ltr'><strong>steps</strong></span> <span class='ocrx_word' id='word_1_283' title='bbox 850 4097 881 4152; x_wconf 81' lang='lat' dir='ltr'><strong>in</strong></span> <span class='ocrx_word' id='word_1_284' title='bbox 899 4097 942 4151; x_wconf 73' lang='lat' dir='ltr'><strong>tlte</strong></span> <span class='ocrx_word' id='word_1_285' title='bbox 961 4097 1116 4169; x_wconf 80' lang='lat' dir='ltr'><strong>dochyards</strong></span> <span class='ocrx_word' id='word_1_286' title='bbox 1133 4114 1203 4154; x_wconf 81' lang='lat' dir='ltr'><strong>were</strong></span> <span class='ocrx_word' id='word_1_287' title='bbox 1221 4097 1313 4168; x_wconf 74' lang='lat' dir='ltr'><strong>hatrat,</strong></span> 
     </span>
     <span class='ocr_line' id='line_1_35' title="bbox 165 4182 734 4242; baseline 0.012 -8"><span class='ocrx_word' id='word_1_288' title='bbox 165 4182 226 4235; x_wconf 76' lang='lat' dir='ltr'><strong>aad</strong></span> <span class='ocrx_word' id='word_1_289' title='bbox 246 4185 290 4240; x_wconf 83' lang='lat' dir='ltr'><strong>the</strong></span> <span class='ocrx_word' id='word_1_290' title='bbox 310 4187 435 4242; x_wconf 71' lang='lat' dir='ltr'><strong>arsendis</strong></span> <span class='ocrx_word' id='word_1_291' title='bbox 454 4185 606 4242; x_wconf 77' lang='lat' dir='ltr'><strong>themselves</strong></span> <span class='ocrx_word' id='word_1_292' title='bbox 623 4185 734 4241; x_wconf 78' lang='lat' dir='ltr'><strong>reineri.</strong></span> 
     </span>
    </p>

    <p class='ocr_par' dir='ltr' id='par_1_6' title="bbox 256 4273 1105 4345">
     <span class='ocr_line' id='line_1_36' title="bbox 256 4273 1105 4345; baseline 0 -15"><span class='ocrx_word' id='word_1_293' title='bbox 256 4273 279 4340; x_wconf 79' lang='lat'><strong>⁹)</strong></span> <span class='ocrx_word' id='word_1_294' title='bbox 298 4277 382 4331; x_wconf 86' lang='lat' dir='ltr'><strong>Isocr.</strong></span> <span class='ocrx_word' id='word_1_295' title='bbox 401 4275 462 4341; x_wconf 88' lang='lat' dir='ltr'><strong>VII,</strong></span> <span class='ocrx_word' id='word_1_296' title='bbox 482 4276 523 4330; x_wconf 89' lang='grc'><strong>66.</strong></span> <span class='ocrx_word' id='word_1_297' title='bbox 562 4275 624 4345; x_wconf 76' lang='lat' dir='ltr'><strong>Lyn.</strong></span> <span class='ocrx_word' id='word_1_298' title='bbox 644 4275 772 4344; x_wconf 82' lang='lat' dir='ltr'><strong>x11,99;</strong></span> <span class='ocrx_word' id='word_1_299' title='bbox 793 4275 868 4342; x_wconf 85' lang='lat' dir='ltr'>XIII,</span> <span class='ocrx_word' id='word_1_300' title='bbox 888 4276 935 4345; x_wconf 80' lang='lat'><strong>463</strong></span> <span class='ocrx_word' id='word_1_301' title='bbox 956 4275 1044 4342; x_wconf 88' lang='lat' dir='ltr'><strong>XXX,</strong></span> <span class='ocrx_word' id='word_1_302' title='bbox 1063 4277 1105 4331; x_wconf 76' lang='grc'><strong>22,</strong></span> 
     </span>
    </p>

    <p class='ocr_par' dir='ltr' id='par_1_7' title="bbox 163 4361 1314 4527">
     <span class='ocr_line' id='line_1_37' title="bbox 257 4361 1314 4426; baseline 0.001 -7"><span class='ocrx_word' id='word_1_303' title='bbox 257 4361 278 4426; x_wconf 80' lang='lat'><strong>³)</strong></span> <span class='ocrx_word' id='word_1_304' title='bbox 298 4365 442 4420; x_wconf 85' lang='lat' dir='ltr'><strong>Plutarchi</strong></span> <span class='ocrx_word' id='word_1_305' title='bbox 466 4379 586 4418; x_wconf 88' lang='lat' dir='ltr'><strong>errorem</strong></span> <span class='ocrx_word' id='word_1_306' title='bbox 614 4365 698 4420; x_wconf 82' lang='lat' dir='ltr'><strong>verbo</strong></span> <span class='ocrx_word' id='word_1_307' title='bbox 722 4371 819 4420; x_wconf 86' lang='lat' dir='ltr'><strong>notant</strong></span> <span class='ocrx_word' id='word_1_308' title='bbox 842 4363 1028 4422; x_wconf 84' lang='lat' dir='ltr'><strong>Stedeleldtus</strong></span> <span class='ocrx_word' id='word_1_309' title='bbox 1051 4364 1078 4420; x_wconf 87' lang='lat' dir='ltr'><strong>ln</strong></span> <span class='ocrx_word' id='word_1_310' title='bbox 1103 4363 1200 4420; x_wconf 90' lang='lat' dir='ltr'><strong>Philol.</strong></span> <span class='ocrx_word' id='word_1_311' title='bbox 1220 4365 1314 4420; x_wconf 89' lang='lat' dir='ltr'><strong>XXIX</strong></span> 
     </span>
     <span class='ocr_line' id='line_1_38' title="bbox 163 4447 890 4527; baseline 0.011 -26"><span class='ocrx_word' id='word_1_312' title='bbox 163 4459 190 4511; x_wconf 78' lang='lat' dir='ltr'><strong>p.</strong></span> <span class='ocrx_word' id='word_1_313' title='bbox 211 4447 265 4504; x_wconf 76' lang='lat'><strong>‘237</strong></span> <span class='ocrx_word' id='word_1_314' title='bbox 287 4453 351 4507; x_wconf 85' lang='lat' dir='ltr'><strong>adn.</strong></span> <span class='ocrx_word' id='word_1_315' title='bbox 372 4455 406 4509; x_wconf 74' lang='grc' dir='ltr'><strong><em>λλ</em></strong></span> <span class='ocrx_word' id='word_1_316' title='bbox 426 4460 453 4508; x_wconf 89' lang='lat' dir='ltr'><strong>et</strong></span> <span class='ocrx_word' id='word_1_317' title='bbox 472 4453 630 4524; x_wconf 79' lang='lat' dir='ltr'><strong>Poehligius</strong></span> <span class='ocrx_word' id='word_1_318' title='bbox 648 4473 675 4527; x_wconf 90' lang='lat' dir='ltr'><strong>p.</strong></span> <span class='ocrx_word' id='word_1_319' title='bbox 694 4456 746 4511; x_wconf 71' lang='lat'><strong>297</strong></span> <span class='ocrx_word' id='word_1_320' title='bbox 766 4455 827 4510; x_wconf 87' lang='lat' dir='ltr'><strong>adu.</strong></span> <span class='ocrx_word' id='word_1_321' title='bbox 848 4455 890 4510; x_wconf 82' lang='lat'><strong>49.</strong></span> 
     </span>
    </p>
   </div>
   <div class='ocr_carea' id='block_1_4' title="bbox 0 0 1644 4934">
    <p class='ocr_par' dir='ltr' id='par_1_8' title="bbox 0 0 1644 4934">
     <span class='ocr_line' id='line_1_39' title="bbox 0 0 1644 4934; baseline 0 0"><span class='ocrx_word' id='word_1_322' title='bbox 0 0 1644 4934; x_wconf 95' lang='lat' dir='ltr'><strong> </strong></span> 
     </span>
    </p>
   </div>
  </div>
 </body>
</html>
