3262 4926
795 370 1009 430 ..44-

330 547 500 622 recreetur.
548 557 591 620 At
612 554 656 634 id,
682 554 768 637 qnod
790 554 864 622 huic
887 555 1067 623 sententiae
1082 558 1179 641 plane
1194 557 1389 624 connerinm
1410 567 1475 637 est,

329 658 363 724 in
385 657 531 726 versibus
554 657 592 739 V,
620 660 694 722 322.
721 663 740 723 3
764 659 896 742 legitur:

459 782 532 826 num
555 761 768 846 quodcumque
790 760 873 828 etiae
895 783 933 825 ee
955 783 988 826 ac
1010 783 1060 826 rea
1082 770 1176 846 nugat
1197 762 1326 846 alitque,

459 862 599 930 duniaci
618 865 717 928 debet.

330 969 435 1049 Atque
458 966 501 1033 ad
523 986 722 1034 communem
746 966 887 1032 omnium
910 985 1041 1034 sensum
1059 967 1098 1036 ¹si
1127 967 1161 1032 id
1184 985 1389 1048 revocamus,
1414 968 1475 1034 illo

329 1071 409 1153 loco,
436 1071 463 1138 si
487 1071 632 1134 redditur
646 1089 704 1155 pro
719 1078 882 1134 recreatur
903 1069 1110 1154 accipiamus,
1137 1071 1369 1138 absurditatem
1391 1089 1475 1136 eon-

329 1173 423 1240 tiucri
453 1181 605 1258 apparet:
638 1191 718 1239 sane
746 1191 967 1256 quaecumque
996 1191 1048 1242 res
1077 1172 1174 1239 aliam
1203 1180 1317 1257 auget,
1355 1173 1473 1238 virium

329 1276 481 1341 damnum
505 1275 602 1359 cupit.
650 1275 762 1342 Altera
788 1294 904 1356 eausa,
938 1295 993 1340 cur
1021 1274 1220 1341 Lachmanni
1249 1275 1474 1361 interpretatio

330 1377 416 1444 falsa
430 1379 482 1461 sit,
501 1378 535 1444 in
549 1397 598 1458 ea,
618 1398 683 1460 qna
698 1378 732 1444 hi
748 1397 862 1445 verens
877 1397 949 1444 cum
964 1377 1117 1462 proximis
1132 1385 1351 1458 conectuntur,
1367 1380 1471 1464 parti·

329 1482 403 1546 cula
419 1481 527 1566 posita
548 1488 607 1548 est.
649 1481 734 1546 Nam
750 1480 901 1564 qnoniam
917 1481 950 1546 in
966 1483 1094 1546 tet-6
1111 1481 1152 1548 de
1167 1481 1377 1548 diminutione
1396 1489 1472 1548 tan·

330 1590 397 1648 tum
420 1589 525 1652 terrae
548 1583 672 1664 dicitur,
707 1583 822 1650 eiiam
844 1583 887 1650 ad
910 1601 967 1650 eae
990 1601 1052 1665 res,
1079 1583 1196 1667 quibus
1218 1584 1377 1652 restitutio
1399 1585 1471 1652 eins

330 1685 429 1766 fieret,
457 1687 654 1770 transiretur,
675 1695 856 1770 praetcrea,
883 1686 1003 1771 quippe
1025 1705 1109 1769 quae
1131 1687 1291 1772 particula
1310 1707 1350 1753 ea
1364 1687 1469 1754 solum

329 1790 511 1870 enuntiata,
538 1810 621 1873 quae
644 1789 686 1856 ad
708 1790 844 1856 medem
867 1810 933 1856 rem
956 1790 1134 1874 pertinent,
1157 1797 1323 1870 conectat,
1349 1789 1468 1855 falsum

329 1899 426 1960 esset.
467 1893 535 1958 Iam
558 1914 649 1976 vero,
677 1913 748 1959 cunr
771 1913 812 1960 ea
833 1913 929 1976 quam
952 1893 1173 1960 desideramus
1195 1892 1284 1960 notio
1305 1893 1339 1959 in
1362 1893 1470 1958 reddi-

243 2008 248 2016 ·
330 2003 381 2058 ter
408 1995 515 2062 inesse
543 2015 606 2062 non
629 1997 749 2081 possit,
780 1997 810 2063 si
839 1996 881 2063 de
910 1997 1090 2081 corruptela
1119 1995 1299 2080 scripturae
1327 1995 1470 2080 negitare

328 2097 481 2180 velimus,
510 2098 668 2183 fingamus
691 2105 852 2184 oporteat,
876 2119 897 2164 a
919 2106 1015 2184 poeta
1037 2098 1191 2183 seriptum
1213 2097 1315 2164 inisse
1337 2099 1468 2164 verbnm

329 2201 472 2283 aliquod,
496 2201 582 2284 quod
602 2201 689 2269 idem
704 2201 772 2268 fere
786 2203 909 2268 valeret
931 2208 1028 2283 atque
1050 2201 1246 2266 diminuitur.
1288 2202 1370 2266 Tum
1392 2221 1470 2267 vero

329 2304 395 2370 alia
417 2304 592 2372 difficultas
615 2306 725 2386 oritur,
751 2305 838 2388 qnod
860 2305 976 2372 verbis·
995 2305 1043 2388 (V,
1070 2307 1143 2388 258)

580 2417 612 2474 et
634 2409 779 2493 quoniam
802 2409 895 2473 dubio
912 2409 1030 2492 precati
1050 2429 1116 2474 esee
1139 2409 1262 2473 ridetur

484 2513 684 2596 omniparens
706 2513 813 2577 endem
835 2533 942 2576 rerum
964 2534 1122 2577 commane
1143 2511 1322 2596 sepulcrum

330 2613 364 2680 id
391 2615 538 2695 affertur,
577 2613 662 2698 qnod
698 2615 746 2681 eis
776 2634 861 2697 qnae
898 2614 1092 2681 antecedunt
1127 2615 1313 2700 opponitur:
1352 2621 1468 2680 terram

329 2718 483 2796 recreari;
508 2737 585 2800 ergo
607 2737 665 2802 per
680 2717 869 2802 particulam
885 2725 916 2782 et
930 2716 1058 2784 adnecti
1073 2717 1195 2801 nequit.
1235 2716 1369 2783 Accedit
1383 2717 1469 2800 quod

329 2821 426 2886 etiam
449 2820 496 2886 sie
515 2839 564 2900 ea,
591 2839 675 2902 quae
690 2820 836 2887 versibus
853 2823 1002 2886 ter-eo
1018 2820 1205 2902 continetur,
1232 2821 1469 2904 argumentatio

329 2921 501 2988 admodum
522 2923 678 3006 languida
702 2929 762 2990 eet.
802 2924 923 2990 Versus
939 2924 1024 2990 enim
1040 2927 1189 2987 247-50
1205 2922 1232 2988 si
1248 2929 1384 3004 tuemur,
1403 2923 1469 2988 ianr

330 3032 555 3110 exspectamus
564 3023 816 3094 demonstratum
829 3027 867 3092 iri
875 3032 992 3093 terram
1001 3045 1065 3093 non
1073 3027 1468 3109 minusangescerequam

328 3129 450 3212 perire:
474 3125 630 3196 habemns
645 3135 753 3196 antem
768 3129 831 3196 tria
845 3136 1045 3212 argumenta,
1068 3129 1184 3212 quibus
1199 3136 1318 3195 terram
1333 3128 1468 3194 diminui

327 3238 499 3315 appareat:
521 3238 531 3294 1
543 3281 549 3294 .
563 3232 723 3316 precipio
729 3253 811 3315 pere
824 3233 925 3296 terrai
934 3256 960 3296 e.
972 3255 1002 3317 q.
1013 3253 1039 3296 a.
1065 3235 1095 3296 2.
1110 3253 1191 3316 para
1202 3233 1468 3317 attemptaturum

327 3358 354 3397 c.
365 3357 394 3419 q.
405 3357 431 3398 a.
463 3337 492 3399 3.
507 3344 675 3418 praetcrea
684 3357 748 3420 pro
760 3345 854 3418 parte
865 3359 923 3400 saec
934 3358 961 3399 c.
972 3358 1001 3420 q.
1012 3358 1038 3400 a.
1072 3335 1123 3401 Ad
1139 3342 1269 3402 auctum
1281 3341 1386 3402 terrae
1398 3334 1468 3400 sola

328 3437 428 3503 verba
443 3438 566 3502 eidetaer
581 3437 780 3521 omnr'prcreae
796 3439 903 3502 cadere
913 3460 1019 3502 rerum
1030 3459 1190 3502 commune
1200 3439 1378 3520 sepulcrum
1392 3455 1469 3521 per-

328 3541 440 3620 tinent,
466 3560 571 3623 eaquc
593 3541 757 3608 enuntiate
780 3539 969 3608 secundario
993 3542 1145 3608 conclusa
1160 3547 1243 3606 sunt.
1283 3540 1411 3606 'iacebo
1426 3539 1468 3604 de

328 3662 376 3724 eo,
404 3643 489 3726 quod
511 3641 597 3710 idern
612 3651 846 3728 argumentum,
873 3643 1096 3727 quodcumque
1117 3641 1206 3708 alind
1221 3649 1352 3726 augeat,
1370 3641 1467 3706 dimi-

330 3746 394 3824 nui,
415 3745 443 3812 si
458 3765 571 3814 versus
587 3749 737 3814 257-60
753 3767 775 3812 a
789 3755 885 3832 poeta
899 3753 1008 3814 essent
1022 3745 1166 3832 profecti,
1194 3746 1244 3811 bis
1258 3745 1348 3810 breui
1364 3745 1468 3829 spatio

327 3848 509 3915 intermisso
523 3847 702 3916 adhibitum
715 3857 816 3916 esset:
837 3869 897 3916 eae
911 3849 996 3916 enim
1009 3867 1127 3915 causae
1139 3848 1172 3914 in
1183 3847 1383 3914 Lucretiunis
1395 3866 1467 3914 car-

328 3952 468 4018 minibus
480 3952 702 4029 examinandis
715 3953 818 4036 magis
830 3972 926 4036 qnam
937 3971 1077 4035 aequum
1093 3959 1142 4018 est
1157 3951 1288 4035 neglegi
1304 3950 1464 4016 videntur.

414 4056 549 4122 Constat
574 4054 671 4139 igitur
701 4063 734 4122 et
763 4059 920 4120 etr—eo
950 4078 971 4122 a
996 4063 1092 4141 poeta
1122 4054 1257 4139 scriptos
1288 4074 1352 4119 non
1380 4073 1463 4136 esse,

328 4158 405 4240 quia
428 4179 448 4224 a
471 4165 559 4226 certa
581 4158 651 4226 eius
674 4158 913 4238 consuetudine,
940 4180 1003 4244 qua
1025 4157 1131 4225 verbis
1153 4157 1239 4222 iliad
1257 4157 1291 4220 ia
1311 4157 1361 4221 hie
1375 4158 1467 4221 retur

328 4281 406 4328 usus
428 4269 494 4339 est,
520 4261 690 4342 recedunt,
718 4270 750 4329 ct
772 4267 932 4342 ter-60,
960 4263 988 4330 si
1011 4261 1161 4328 traditam
1184 4260 1375 4344 scripturam
1399 4278 1467 4325 ser·
