3280 4934
326 392 366 456 10
758 427 800 436 -
846 389 942 472 [154]
990 427 1032 437 -

322 582 538 671 πεπράχαμεν
566 588 715 650 docemur
738 585 867 650 Saidsm
896 587 998 669 ipsum
1022 584 1080 650 has
1102 585 1148 649 XI
1172 585 1392 668 Aristophanis
1416 585 1465 650 fa-

322 694 414 760 bulas
436 694 595 758 lectitasse
618 693 783 777 ipsumque
807 692 1006 774 excerpsisse.
1052 693 1099 756 De
1122 713 1233 758 uocum
1256 694 1341 760 enim
1361 689 1465 777 πράτ-

323 824 394 865 τειν
424 796 656 885 πραττόμενος
677 805 796 885 πρᾶξις
824 800 909 882 apud
935 800 1126 884 Byzantinos
1154 822 1212 864 asu
1240 799 1466 882 Meinekius¹):

326 910 457 987 Teetees,
483 910 593 990 inquit,
615 907 741 990 Prolcp.
765 907 810 972 ad
827 907 982 990 Lycophr.
1004 927 1056 990 pp.
1080 911 1156 974 256:
1179 908 1339 992 κωμῳδοὶ
1360 931 1466 991 πρατ-

323 1010 460 1100 τόμενοι
492 1019 672 1100 Κρατῖνος,
699 1008 861 1094 Εὔπολις,
893 1009 1115 1100 Φερεκράτης,
1149 1007 1385 1100 Ἀριστοφάνης
1410 1016 1467 1078 καὶ

324 1120 445 1208 ἕτεροις
462 1121 583 1190 Saidas
601 1143 625 1187 s.
645 1144 673 1185 ο.
691 1114 942 1208 Ἀριστοφάνης·
967 1118 1117 1206 ὁράματα
1124 1121 1159 1186 δὲ
1174 1114 1280 1186 αὐτοῦ
1293 1125 1363 1186 κτλ.
1391 1122 1467 1202 Qni-

324 1232 381 1295 bns
395 1230 472 1311 lctis
485 1231 565 1312 qaid
578 1225 787 1314 πράττεσθαι
801 1230 957 1311 sipnificet
972 1249 1041 1294 cani
1053 1251 1101 1292 me
1114 1231 1264 1311 ipnerare
1278 1229 1467 1312 dicissen'),

210 1343 214 1356 '
325 1337 544 1418 opportancI.
566 1335 693 1402 Gentius
702 1339 729 1418 ³)
748 1338 802 1400 nir
820 1336 1016 1401 clarissimas
1035 1338 1069 1400 in
1087 1337 1174 1400 Bitl.
1194 1337 1263 1401 crit.
1284 1335 1341 1400 IV
1350 1357 1405 1418 pp.
1425 1340 1468 1401 20

324 1451 352 1509 et
383 1443 555 1510 Lobeclrins
580 1443 737 1526 Aplaoplt.
766 1464 821 1526 pp.
852 1447 915 1508 567
945 1449 1067 1528 πρᾶξιν
1100 1443 1138 1508 do
1166 1443 1318 1508 librorrnn
1340 1443 1469 1508 laeticiae

324 1557 353 1616 et
375 1552 635 1631 interpretatione
657 1550 722 1614 dici
748 1556 946 1614 monuerant.
992 1551 1109 1634 Itaque
1139 1549 1292 1616 Cratinus
1319 1543 1338 1615 ri
1362 1571 1467 1634 πρατ-

324 1651 466 1742 τόμενος
497 1661 541 1723 est
574 1658 664 1722 enias
695 1657 826 1737 sabatae
858 1658 1007 1740 lepnntar
1034 1663 1063 1722 et
1091 1658 1337 1743 explicantia-fl).
1384 1657 1468 1739 Ergo

325 1765 495 1830 infeliciter
520 1765 675 1830 Kustorus
702 1759 918 1850 πεπράχαμεν
945 1765 977 1830 in
1007 1759 1192 1852 εὑρήκαμεν
1220 1767 1336 1830 mutari
1359 1765 1468 1830 uoluit

325 1873 423 1938 lmmo
451 1872 590 1937 dilucido
618 1872 692 1938 hinc
719 1880 852 1955 apparet
879 1872 1009 1937 Suidam
1037 1874 1069 1936 in
1098 1872 1261 1939 condendo
1290 1872 1389 1937 lexico
1412 1893 1469 1936 sno

325 2000 416 2044 asum
448 2000 515 2044 esse
544 1978 626 2043 libro
653 1981 868 2063 manuscripto
897 2001 959 2046 non
986 1980 1130 2063 pluribus
1158 2001 1253 2064 quam
1275 2001 1356 2064 quae
1378 1978 1469 2043 nobis

326 2087 530 2152 innotuerunt
553 2086 696 2170 integrae
717 2087 938 2170 Aristophanis
961 2086 1078 2152 fabulis
1096 2087 1260 2152 instructo.
1284 2086 1366 2152 Nam
1389 2105 1470 2170 quae

297 2279 300 2284 ἶ
325 2195 459 2278 sparsim
486 2195 569 2276 apud
594 2193 723 2259 Suidam
752 2195 923 2258 adnotatae
946 2200 1020 2258 sunt
1042 2196 1152 2258 uariae
1173 2194 1339 2271 lectiones,
1370 2193 1470 2257 ueluti

325 2301 366 2366 ad
380 2300 437 2384 Eq.
451 2302 473 2364 4
486 2295 648 2385 γράφεται
664 2300 699 2365 δὲ
713 2302 770 2366 καὶ
788 2299 972 2386 εἰσέφρηοε,
989 2301 1043 2366 obi
1058 2301 1090 2365 in
1105 2323 1199 2366 uersu
1215 2302 1283 2385 ipso
1298 2295 1468 2386 εἰοὴρρηοεΙ

326 2413 422 2485 extat,
441 2414 474 2471 et
495 2409 536 2472 ad
555 2408 611 2492 Eq.
637 2408 699 2472 877
720 2403 753 2472 oi
773 2406 808 2472 δὲ
827 2403 967 2492 Γρύπον
986 2406 1118 2492 λέγουσι
1144 2401 1198 2472 διὰ
1221 2415 1283 2472 τοῦ
1301 2430 1337 2486 π,
1360 2407 1415 2471 ubi
1437 2407 1471 2471 in

326 2535 421 2579 uersa
443 2515 512 2599 ipso
537 2514 653 2598 legitur
671 2510 836 2599 Γρύττον,
860 2535 912 2578 eas
935 2515 1003 2579 sine
1027 2514 1123 2578 dubio
1146 2515 1209 2579 iam
1234 2516 1265 2579 in
1285 2515 1390 2579 codice
1413 2535 1471 2588 sao

329 2621 558 2706 Aristophaneo
584 2627 711 2686 notatas
734 2622 873 2704 repperit
882 2621 920 2705 ⁶),
947 2642 1005 2686 nec
1032 2622 1106 2687 licet
1133 2623 1206 2686 inde
1233 2622 1377 2686 concludi
1400 2619 1471 2685 Sui·

327 2729 401 2794 dam
423 2731 525 2812 ipsum
549 2751 602 2794 eas
625 2731 732 2794 uarias
755 2729 927 2813 scriptores
951 2751 988 2794 ex
1012 2730 1076 2793 alio
1098 2729 1180 2793 alius
1203 2728 1341 2793 familiae
1364 2728 1472 2792 codice

327 2837 502 2901 adnotasse.

416 2943 547 3008 Accedit
574 2943 675 3019 alind,
707 2944 790 3008 undo
823 2942 953 3012 Suidam
982 2945 1085 3027 ipsum
1112 2942 1281 3027 perlegisse
1309 2945 1472 3026 ipsumque

401 3123 420 3186 ¹)
439 3122 547 3190 Fragm.
569 3121 642 3174 Com.
668 3120 766 3175 Graec.
786 3121 798 3174 l
822 3138 866 3190 pg.
887 3123 939 3175 560
962 3122 997 3176 ad
1021 3120 1193 3176 scholiastae
1212 3119 1337 3190 Dionysii
1356 3117 1472 3174 Thracis

327 3209 372 3276 (cl.
397 3211 516 3264 Beliker.
542 3210 664 3264 Anecdd.
693 3227 737 3278 pg.
763 3211 825 3275 747)
854 3210 951 3264 uerba:
987 3205 1124 3278 ἐπίσημος
1151 3209 1180 3263 ti
1213 3211 1352 3278 Κρατῖνος
1379 3202 1394 3262 ὃ
1423 3209 1472 3260 καὶ

330 3294 535 3368 πραττόμενος.

399 3388 420 3456 ’)
440 3389 563 3456 Quaestt.
583 3389 679 3442 Scesn.
700 3403 774 3456 spec.
794 3387 821 3441 II
840 3405 885 3457 pg.
904 3390 928 3442 2.

402 3475 421 3544 ⁰)
440 3477 488 3531 Iti
511 3475 586 3544 qnod
608 3477 702 3530 haeret
720 3475 898 3544 (Meinckins)
921 3477 953 3530 in
970 3477 1054 3531 nerto
1078 3471 1265 3546 πράττειν...
1284 3475 1358 3528 hanc
1375 3475 1474 3528 tabeat

328 3568 485 3636 ernarpine
506 3566 678 3634 desumptam
697 3566 825 3619 notulam
839 3566 1053 3620 Herasterlsasii:
1071 3571 1157 3620 aene:
1176 3582 1248 3633 qnae
1262 3570 1354 3618 autern
1368 3569 1473 3617 tracta-

327 3657 421 3710 nimas
435 3655 635 3723 Aristophanis
654 3654 787 3708 άναοιιιιιι
804 3655 873 3710 leaeo
890 3661 964 3710 sumt.
994 3655 1069 3708 Mitti
1084 3659 1230 3723 praetem
1248 3653 1363 3706 nidnnr
1375 3652 1473 3706 scholi·

328 3762 408 3800 οτιιοι
436 3745 601 3813 consaeptio
630 3750 655 3798 et
682 3745 875 3812 interpretatio
898 3746 929 3797 in
946 3745 1193 3813 pravaricaticornnr
1216 3743 1291 3798 Indis
1311 3740 1473 3811 είριιιῗάοαιτ.

399 3835 419 3900 ⁴)
449 3834 484 3888 cl.
513 3833 802 3902 Schweighaeuserum
827 3835 855 3888 in
879 3833 974 3888 Indice
998 3835 1034 3888 ad
1057 3834 1228 3902 Epictetum,
1257 3829 1414 3887 Fabricium
1438 3830 1474 3884 ad

328 3923 428 3978 Merin.
452 3923 507 3977 vit.
533 3923 624 3977 Procli
647 3939 669 3978 c.
694 3925 729 3978 22
754 3932 807 3994 (pg.
834 3925 907 3987 114),
936 3923 1067 3977 Oobetnm
1091 3923 1162 3976 obss.
1187 3922 1215 3974 in
1241 3921 1310 3976 Plat.
1333 3937 1401 3974 com.
1425 3919 1474 3974 rel.

328 4030 354 4082 p.
375 4013 417 4078 56,
441 4013 649 4084 Bernhardyum
672 4013 743 4068 llist.
770 4014 837 4068 nia.
857 4013 954 4067 Graec.
974 4012 999 4066 1⁴
1018 4017 1032 4076 ξ
1050 4013 1093 4075 88,
1113 4013 1142 4065 2:
1175 4010 1231 4064 Die
1252 4009 1392 4079 prlesenen
1415 4009 1476 4061 nnd

329 4101 473 4156 termam
488 4101 531 4155 die
546 4103 710 4157 classiscten
724 4105 851 4157 Antoren
864 4103 969 4157 hiessen
983 4101 1091 4156 danais
1107 4101 1167 4168 (VI.
1189 4100 1255 4155 VII.
1270 4099 1353 4154 VIII.
1363 4098 1474 4166 Jaern.)

329 4187 356 4246 oi
380 4186 583 4261 πραττόμενοι,
609 4193 653 4246 die
675 4193 793 4247 Lectiire
816 4195 929 4262 πρᾶξις,
959 4193 1128 4244 cornmentirt
1151 4190 1212 4243 aad
1234 4190 1334 4258 llasmp
1358 4186 1476 4242 stadim

329 4281 439 4335 ιοιτιίιιι
457 4281 492 4335 ist
510 4276 697 4352 πράττεσθαι.

399 4371 421 4436 ⁶)
439 4372 474 4426 nd
487 4371 538 4440 Eq.
554 4372 570 4425 4
589 4371 618 4425 in
638 4371 685 4424 Vs
705 4369 834 4425 similiter
851 4369 1011 4425 adnotatum
1031 4374 1073 4424 est
1092 4363 1124 4422 ἐν
1138 4363 1222 4432 ἐνίοις
1241 4364 1270 4420 a
1288 4359 1476 4439 ἀντιγράφοις

331 4459 485 4532 εἰσέφρηοε
505 4456 653 4533 γράφεται.
786 4471 790 4484 ·
