3280 4934
585 421 629 432 -
675 383 771 468 [115]
818 423 858 432 -
1251 385 1291 452 19

240 575 328 642 Idem
356 577 453 660 igitur
479 577 622 644 referunt
649 579 689 644 de
716 581 861 645 contione
890 579 1081 658 Andocides,
1108 581 1292 665 Xenophon,
1367 561 1372 572 ’

153 682 301 760 Iustinus,
323 682 520 760 Plutarchus,
542 687 601 750 nisi
625 687 709 770 quod
731 686 778 750 illi
801 692 875 752 ante
898 707 1008 770 paoem
1025 685 1201 753 conclusam
1223 709 1291 755 eam

152 788 296 854 habitam
318 811 385 856 esse
408 795 548 868 narrant,
574 791 762 858 Plutarchus
783 794 863 860 adeo
889 799 962 878 post
984 792 1140 878 Lysandri
1162 795 1202 860 de
1223 818 1292 862 mu·

153 897 251 961 tando
277 897 409 980 imperio
436 899 581 982 populari
609 900 747 965 consilia.
797 901 903 984 Atque
931 921 1001 966 oum
1031 921 1134 984 noque
1161 903 1292 986 cogitari

153 1005 253 1087 possit
273 1025 350 1088 pace
373 1005 437 1070 iam
459 1005 544 1072 facta
566 1008 744 1072 contionem
766 1006 910 1072 habitam
933 1029 1014 1085 esse,
1036 1029 1100 1092 qua
1123 1007 1291 1075 Thebanus

154 1111 281 1196 quidam
306 1113 507 1196 proposuerit
533 1104 573 1178 τὸ
596 1113 658 1198 μὲν
682 1106 766 1179 ἄστυ
788 1110 1011 1198 κατασκάψαι,
1037 1106 1100 1202 τὴν
1123 1116 1159 1181 δὲ
1179 1111 1293 1201 χώραν

154 1209 281 1284 ἀνεῖναι
302 1215 502 1305 μηλόβοτον,
526 1241 584 1287 neo
606 1221 646 1286 do
669 1221 771 1287 altera
786 1221 1105 1288 Lacedaemoniorum
1123 1225 1293 1288 sociorum-

153 1347 212 1410 que
235 1329 380 1394 oontione
398 1327 573 1410 quidquam
595 1329 750 1396 traditum
772 1329 822 1407 sit,
846 1330 900 1405 eis,
923 1330 978 1412 qui
1001 1329 1094 1394 istam
1114 1330 1291 1396 contionem

152 1440 220 1498 turn
251 1434 393 1500 habitam
425 1440 570 1513 narrant,
597 1457 668 1501 cum
694 1437 734 1501 de
766 1457 843 1520 pace
870 1437 1070 1502 concedenda
1101 1435 1292 1502 deliberare·

151 1546 213 1618 tur,
236 1541 310 1607 solis
337 1539 416 1608 fides
439 1542 586 1608 habenda
613 1550 674 1621 est,
700 1543 886 1627 praesertim
914 1565 997 1621 cum,
1024 1545 1107 1609 unde
1130 1543 1292 1610 Plutarchi

151 1669 239 1715 error
266 1655 393 1715 exortus
420 1652 474 1726 sit,
502 1671 565 1716 non
592 1647 720 1716 difficile
747 1651 790 1717 sit
816 1650 986 1716 intellectu.
1031 1651 1189 1718 Nimirum
1216 1653 1291 1736 quin

151 1754 338 1822 Plutarchus
361 1756 484 1822 duobus
503 1779 541 1821 ex
563 1756 703 1823 lontibus
726 1757 939 1824 narrationem
958 1759 1200 1836 concinnaverit,
1222 1759 1292 1824 nul·

152 1862 200 1928 lus
223 1864 348 1942 dubit03
372 1885 409 1930 ac
430 1870 517 1930 recte
536 1862 749 1930 Stedefeldtus
771 1887 801 1948 p.
820 1865 863 1930 32
885 1865 993 1949 priora
1010 1865 1108 1932 verba
1130 1887 1228 1951 usque
1250 1866 1292 1931 ad

152 1965 236 2036 ἔνιοι
265 1967 300 2036 δέ
328 1988 430 2053 φασιν
458 1993 475 2036 e
498 1971 700 2056 Theopompo
727 1971 843 2037 hausta
865 1972 945 2050 vult,
973 1972 1070 2038 verba
1096 1972 1170 2038 inde
1192 1995 1291 2058 usquc

150 2079 192 2143 ad
225 2075 318 2143 finem
350 2099 388 2143 ex
416 2077 551 2162 Ephoro.
603 2077 694 2157 Quod
721 2079 748 2144 si
776 2085 932 2156 tenemus,
963 2079 1168 2146 Plutarchum
1194 2084 1292 2147 testes

150 2205 224 2250 suos
251 2183 331 2251 falso
359 2185 565 2263 coniunxisse,
592 2187 639 2250 ita
665 2191 702 2250 ut
729 2186 959 2270 quodammodo
987 2186 1027 2252 de
1053 2187 1171 2252 eisdem
1197 2186 1292 2253 rebus

149 2291 201 2356 bis
228 2291 375 2375 deinceps
401 2298 565 2374 tamuam
591 2297 733 2376 tempore
761 2292 909 2360 seiunctis
937 2293 1132 2376 loqueretur,
1164 2293 1227 2358 iam
1259 2293 1292 2358 in

147 2405 262 2484 aperto
281 2404 336 2464 est.
373 2397 420 2464 Ac
442 2400 469 2464 si
491 2400 542 2464 cui
565 2399 729 2483 scrupulus
752 2405 860 2477 restat,
883 2399 943 2466 hoo
961 2419 1084 2484 quoque
1107 2401 1293 2479 consideret,

147 2513 186 2572 ut
214 2506 299 2590 apud
325 2505 451 2591 Lysiam
474 2504 564 2592 (XII,
593 2506 635 2570 72
658 2505 720 2592 sq.)
747 2506 794 2572 ita
820 2507 905 2590 apud
933 2505 1107 2572 Diodorum
1134 2507 1233 2592 (XIV,
1256 2507 1292 2591 3)

146 2633 215 2679 una
238 2614 383 2679 contione
406 2613 577 2695 eodemque
601 2612 653 2678 dic
675 2612 870 2696 Lysandrum
890 2611 1135 2679 Atheniensibus
1158 2614 1293 2681 foederis

145 2719 260 2786 violati
283 2719 436 2784 accusatis
459 2720 597 2802 graviter
619 2721 774 2784 minatum
792 2741 859 2786 esse
877 2726 910 2786 et
933 2719 1081 2796 effecisse,
1103 2726 1139 2786 ut
1161 2721 1294 2806 triginta

146 2829 211 2892 viri
229 2826 480 2903 instituerentur,
494 2847 563 2891 cum
578 2825 766 2892 Plutarchus
784 2828 868 2892 inter
886 2827 957 2894 illas
975 2827 1075 2892 minas
1094 2833 1126 2892 et
1144 2835 1293 2912 tyrannos

145 2939 274 3002 creatos
301 2935 477 2998 contionem
505 2953 594 2998 suam
625 2934 825 2999 intermittat
876 2934 921 3000 Ut
948 2933 1154 3000 concedamus
1187 2936 1293 3019 igitur,

142 3039 356 3110 Plutarchum
379 3041 520 3124 quidem,
543 3061 614 3105 curn
637 3061 655 3106 e
677 3039 818 3107 fontibus
841 3042 923 3107 male
945 3041 1115 3108 intellectis
1137 3063 1195 3108 sua
1217 3063 1291 3108 con·

143 3152 307 3225 cnseret,
340 3148 473 3214 similem
504 3153 600 3233 atque
632 3147 758 3213 Curtius
790 3153 824 3212 et
850 3147 1014 3214 Scheibius
1046 3151 1156 3216 volunt
1188 3171 1292 3216 rerum

142 3263 311 3344 gestarum
334 3255 476 3322 ordinem
499 3253 634 3332 finxisse,
656 3253 784 3339 Ephoro
807 3261 913 3320 tamen
931 3261 1068 3334 auctore,
1091 3257 1179 3322 cuius
1197 3256 1292 3322 verba

142 3385 318 3453 perperam
345 3365 571 3448 interpretatus
595 3368 643 3428 est
669 3360 871 3440 Plutarchus,
898 3359 1035 3428 efficitur
1057 3385 1163 3429 muros
1189 3363 1292 3448 aLy·

143 3471 269 3540 sandro
293 3471 414 3536 dirutos
436 3490 593 3552 navesque
616 3468 794 3535 combustas
813 3490 881 3534 esse
903 3469 988 3535 inter
1005 3468 1182 3535 contionem
1204 3471 1292 3535 illam

143 3581 286 3666 Spartae
314 3574 455 3642 habitam
482 3576 676 3660 trigintaque
699 3577 782 3642 viros
804 3576 975 3642 institutos.

235 3683 347 3751 Nihilo
378 3689 484 3749 autem
511 3685 608 3749 setius
639 3683 704 3748 alia
734 3705 805 3748 oum
832 3681 978 3748 Scheibio
1006 3681 1110 3748 lacere
1136 3682 1290 3750 uidentur.

138 3789 320 3863 Plutarcho
344 3791 426 3855 enim
449 3795 539 3867 teste,
562 3797 599 3856 ut
622 3811 718 3874 supra
740 3789 884 3867 vidimus,
906 3789 1068 3875 Lysander
1089 3787 1291 3858 Atheniensi-

139 3905 202 3972 bus
233 3901 322 3966 diem
354 3897 574 3974 constituerat,
604 3918 701 3982 usque
730 3898 771 3963 ad
802 3917 895 3982 quem
924 3897 1006 3962 diem
1038 3917 1143 3964 muros
1171 3898 1291 3964 deletos

141 4077 249 4088 -—-—-·

136 4185 296 4266 χρήσηται,
321 4182 437 4260 Θηβαΐοι
455 4178 509 4249 μὲν
527 4176 687 4254 μηλόβοτον
705 4174 814 4236 ἀνεῖναι
829 4173 1043 4252 συνεβούλευον,
1066 4181 1177 4246 Φωκεῖς
1195 4179 1225 4236 dl
1244 4177 1291 4236 dv-

138 4288 244 4338 τεῑπον
274 4271 376 4326 σῶσαι.
413 4267 448 4324 cf.
471 4269 607 4338 Sauppius
626 4269 674 4324 Oh
699 4271 725 4324 11
748 4287 774 4340 p.
793 4271 854 4326 262.
900 4269 944 4325 Ad
971 4269 1135 4326 Erianthum
1163 4277 1292 4341 spectant

139 4370 228 4428 verba
248 4358 373 4434 Lycurgi
395 4357 527 4415 orationis
549 4365 645 4414 contra
663 4359 825 4414 Leocratem
848 4357 961 4414 habitae
984 4364 999 4425 ξ
1019 4359 1069 4414 145
1092 4351 1107 4413 ὁ
1131 4353 1292 4432 μηλόβοτον

138 4455 193 4533 τὴν
213 4443 344 4518 Ἀττικὴν
363 4439 434 4502 εἶναι
453 4450 565 4522 φανερᾷ
583 4451 617 4517 τῇ
635 4443 725 4521 ψήφῳ
744 4443 1025 4520 καταψηφισάμενος,

1096 4537 1133 4592 2·
