3280 4934
627 374 670 386 -
717 338 812 424 [133]
860 378 902 387 -
1295 339 1336 404 37

194 538 255 610 est,
283 554 345 619 quo
372 537 515 620 tempore
543 535 600 600 illa
626 555 732 618 pugna
759 535 925 601 commissa
948 535 1002 611 sit,
1025 557 1063 600 ne
1087 537 1189 618 ipsum
1212 537 1339 620 quidem

193 639 399 708 Plutarchum
423 641 576 727 effugisse
622 641 770 726 Legimus
794 642 877 708 enim
900 642 934 706 in
957 642 1039 707 vitae
1064 641 1187 707 Camilli
1211 665 1235 708 c.
1262 644 1337 708 XIX

193 738 363 834 Ἀθηναῖοι
391 747 514 814 ἐνίκων
542 745 579 813 ἐν
602 751 770 833 Σαλαμῖνι
796 755 859 814 τοῦ
887 748 1148 835 Βοηδρομιῶνος
1175 752 1252 836 περὶ
1279 742 1338 828 τὰς

192 849 333 934 εἰκάδας.
380 855 511 922 Maioris
529 855 678 922 momenti
697 863 753 934 est,
776 857 859 939 quod
884 878 972 921 error
995 856 1047 921 ille
1065 855 1229 920 Plutarchi
1253 858 1337 922 unde

192 967 286 1028 natus
304 962 347 1028 sit
364 962 458 1028 facile
476 962 713 1046 intellegitur.¹)
750 963 871 1030 Eodem
890 966 973 1030 enim
991 961 1161 1030 Plutarcho
1180 967 1262 1028 teste
1286 964 1338 1029 die

192 1068 266 1135 XVI
285 1071 401 1136 mensis
420 1069 633 1136 Munichionis
654 1069 695 1136 ob
713 1070 877 1136 victoriam
896 1069 1099 1136 Salaminiam
1118 1069 1338 1136 celebrabatur

193 1176 260 1242 dies
283 1175 392 1245 festus:
417 1169 479 1266 τὴν
500 1177 534 1244 δὲ
554 1173 654 1265 ἕκτην
674 1175 727 1243 ἐπὶ
749 1176 828 1244 δέκα
847 1184 910 1243 τοῦ
929 1181 1163 1261 Μουνιχιῶνος
1178 1169 1337 1263 Ἀρτέμιδι

192 1284 418 1371 καθιέρωσαν,
447 1283 483 1352 ἐν
510 1274 532 1370 ᾗ
559 1298 631 1363 τοῖς
646 1275 777 1373 Ἕλλησι
799 1286 878 1370 περὶ
900 1287 1076 1369 Σαλαμῖνα
1099 1290 1239 1350 νικῶσιν
1264 1283 1337 1351 ἑπέ-

192 1394 323 1475 λαμψεν
340 1383 360 1479 ἡ
380 1384 462 1474 θεὸς
480 1391 690 1479 πανσέληνος
703 1391 758 1478 (de
772 1393 813 1476 gl.
824 1391 992 1480 AthVIl).
1026 1391 1145 1458 Eodem
1160 1391 1259 1476 igitur
1277 1393 1337 1470 die,

192 1518 254 1582 quo
278 1497 345 1564 dies
368 1498 467 1568 festus
495 1503 529 1566 in
551 1500 734 1568 memoriam
762 1521 887 1584 pugnae
914 1498 1080 1565 institutus
1108 1498 1336 1578 celebrabatur,

191 1624 329 1690 pugnam
345 1606 446 1690 ipsam
460 1608 657 1674 commissam
671 1629 738 1674 esse
751 1610 893 1697 putavit;
915 1629 978 1694 quo
997 1606 1124 1685 factum,
1141 1613 1178 1672 ut
1196 1607 1247 1674 die
1262 1608 1335 1672 XVI

192 1711 402 1780 Munichionis
429 1737 567 1800 pugnam
591 1713 795 1782 Salaminiam
818 1714 1014 1782 commissam
1038 1735 1105 1780 esse
1128 1715 1336 1782 concluderet.

192 1818 256 1884 Nee
288 1821 383 1888 semel
415 1822 567 1888 eiusmodi
600 1842 688 1889 error
720 1822 805 1907 apud
837 1821 1042 1888 Plutarchum
1077 1821 1248 1899 invenitur,
1281 1823 1335 1888 sed

192 1926 302 1992 eadem
325 1928 364 1994 de
387 1950 482 1994 eausa
504 1951 626 2014 pugnas
648 1929 733 2014 apud
753 1928 949 2008 Marathona,
967 1929 1123 2006 Plataeas,
1142 1927 1336 1995 Mantineam

191 2031 291 2100 factas
318 2035 406 2102 falsis
430 2035 541 2102 diebus
564 2036 685 2102 tribuit.
695 2037 722 2123 ²)
764 2035 883 2116 Quodsi
910 2038 971 2102 hac
998 2036 1031 2100 in
1059 2058 1093 2101 re
1121 2037 1239 2100 erravit
1261 2037 1335 2101 Plu-

191 2138 317 2206 tarchus
340 2163 442 2224 neque
465 2163 538 2210 vero
560 2145 643 2209 ratio
667 2144 783 2210 erroris
806 2165 869 2208 non
898 2143 931 2208 in
955 2149 1066 2226 aperto
1090 2137 1151 2220 est,
1179 2144 1255 2227 quid
1285 2145 1335 2222 sit,

192 2248 275 2331 qnod
298 2249 384 2316 diem
402 2249 599 2316 Athenarum
622 2251 812 2316 traditarum
835 2250 915 2318 falso
938 2249 1124 2326 narraverit,
1147 2271 1210 2314 non
1233 2251 1334 2328 video,

192 2377 261 2420 cum
289 2357 442 2423 eiusmodi
470 2379 565 2439 causa
593 2359 709 2424 erroris
737 2359 894 2442 quomodo
922 2359 962 2422 ad
991 2356 1074 2424 diem
1100 2356 1257 2423 nefastum
1281 2359 1335 2424 de-

192 2463 320 2530 ditionis
347 2465 519 2549 pertineat,
546 2465 687 2550 intellegi
715 2469 860 2549 noqueat.
905 2462 1005 2530 Immo
1028 2464 1090 2528 duo
1118 2462 1173 2528 illa
1196 2463 1280 2529 facta
1303 2471 1335 2530 et

190 2591 328 2654 pugnam
350 2578 383 2638 et
409 2593 519 2656 paoem
542 2571 622 2638 salso
646 2572 709 2638 diei
733 2572 856 2638 tributa
879 2593 959 2649 esse,
988 2592 1027 2636 ne
1049 2571 1185 2654 speeiem
1209 2571 1335 2656 quidem

190 2676 426 2762 probabilitatis
458 2678 563 2746 habet.
614 2678 726 2763 ltaque
759 2679 810 2744 die
842 2679 916 2744 XVI
949 2675 1160 2743 Munichionis
1193 2678 1335 2746 Athenas

191 2805 257 2850 esee
284 2786 419 2852 traditas
441 2807 500 2869 pro
523 2791 609 2851 certo
632 2785 814 2852 habendum
838 2790 899 2862 est,
921 2785 982 2850 nisi
1004 2805 1077 2849 vero
1101 2783 1183 2850 aliae
1206 2785 1335 2852 obstant

191 2913 303 2960 causae
326 2914 364 2959 ex
386 2893 521 2958 aliorum
543 2898 707 2958 auctorum
730 2892 927 2960 testimoniis.
978 2892 1064 2972 Quae
1087 2896 1211 2958 tantum
1234 2891 1334 2972 abest,

191 3006 226 3066 ut
250 3022 321 3067 cum
344 2999 517 3067 Plutarcho
540 3005 691 3084 pugnent,
713 3004 750 3064 ut
773 3002 890 3084 optime
914 3021 984 3066 cum
1008 3020 1044 3064 eo
1068 3005 1249 3081 congruant.

279 3108 325 3174 Ao
348 3108 484 3192 primum
508 3107 635 3192 quidem
657 3106 846 3192 Xenophon,
873 3106 929 3174 ubi
952 3107 992 3172 de
1014 3127 1091 3192 pace
1114 3105 1199 3171 faeta
1220 3107 1335 3171 muris-

189 3236 251 3298 que
282 3239 301 3282 a
333 3214 496 3301 Lysandro
529 3215 642 3281 deletis
670 3217 824 3294 narrarit,
855 3216 904 3282 his
933 3214 1034 3281 verbis
1067 3213 1185 3298 pergit:
1217 3219 1268 3297 τῶ
1301 3207 1334 3278 d'

190 3317 320 3388 ἐπιόντι
351 3317 417 3388 ἔτει
446 3317 538 3404 ἔδοξε
567 3329 617 3408 τῴ
645 3318 737 3409 δήμῳ
766 3317 949 3408 τριάκοντα
972 3313 1095 3406 ἄνδρας
1120 3317 1255 3387 ἑλέσθαι
1279 3320 1335 3407 (Π,

190 3429 220 3507 3,
246 3431 272 3494 1.
296 3430 340 3515 2).
350 3431 377 3515 ³)
424 3429 550 3495 Annum
572 3437 681 3496 autem
704 3430 967 3516 Xenophonteum
994 3453 1014 3496 a
1036 3451 1108 3496 vere
1132 3429 1259 3494 initium
1281 3449 1334 3494 ca·

280 3701 299 3761 ¹)
320 3699 395 3768 Quod
418 3697 577 3768 Poebligius
600 3715 626 3768 p.
646 3697 698 3753 297
723 3699 784 3752 adn.
809 3700 844 3754 48
868 3697 912 3754 die
937 3697 1002 3752 XVI
1026 3695 1211 3751 Munichionis
1239 3711 1334 3765 pacem

189 3795 342 3858 acceptam,
362 3787 408 3842 die
426 3804 535 3858 pugnae
549 3786 758 3843 Salaminiensis
777 3787 893 3857 triginta
909 3785 979 3840 viros
999 3783 1139 3840 institutos
1159 3791 1262 3850 censet,
1282 3801 1335 3853 quo

190 3881 313 3947 tempore
332 3875 409 3947 paci·
429 3877 604 3934 condiciones
623 3877 706 3946 plane
726 3876 851 3947 expletas
871 3876 956 3932 luisse
976 3878 1108 3941 autumat,
1133 3889 1201 3942 opus
1220 3879 1335 3927 nonest

190 3965 258 4022 talis
276 3965 409 4021 refutare.

278 4053 299 4118 ²)
318 4053 353 4109 cl.
377 4055 490 4112 Boeekh
509 4073 560 4112 aar
580 4055 737 4110 Gesebicbte
756 4055 805 4109 der
824 4055 1009 4125 Moadcyelca
1032 4073 1058 4125 p.
1078 4053 1112 4110 64
1130 4069 1172 4121 sq.
1214 4051 1335 4106 Koebler

188 4143 217 4199 in
236 4144 452 4216 Μλαλιιλααραα
472 4145 518 4202 des
538 4144 794 4214 αιολοιοῑορὶιῶιια
812 4144 943 4200 Instituta
961 4145 993 4198 ιἰι
1009 4144 1101 4200 Athea
1120 4143 1140 4206 1,
1160 4157 1186 4208 p.
1206 4141 1266 4195 202.

278 4231 298 4301 8)
317 4233 410 4290 Verba
430 4251 500 4306 quae
523 4234 652 4302 leguntur
670 4234 704 4299 11,
720 4235 745 4298 2,
760 4234 795 4288 24
816 4239 844 4288 et
862 4235 897 4300 11,
912 4235 936 4300 3,
957 4235 972 4288 1
991 4225 1025 4308 (ᾧ
1045 4224 1078 4303 ἦν
1096 4227 1245 4298 Ὀλυμπιὰς
1263 4260 1298 4270 -
1318 4225 1334 4300 ἡ

124 4397 128 4404 ,
189 4315 336 4393 ὀλιγαρχία
360 4313 424 4392 ὦδε)
448 4341 464 4379 a
488 4323 670 4394 Xenophonte
693 4339 747 4378 uon
771 4323 876 4392 scripta
898 4327 974 4388 sunt,
997 4323 1046 4378 sed
1069 4319 1262 4393 interpolatori
1286 4320 1334 4380 tri-

189 4409 305 4468 buenda.
