<?xml version="1.0" encoding="UTF-8"?>
<!DOCTYPE html PUBLIC "-//W3C//DTD XHTML 1.0 Transitional//EN"
    "http://www.w3.org/TR/xhtml1/DTD/xhtml1-transitional.dtd">
<html xmlns="http://www.w3.org/1999/xhtml" xml:lang="en" lang="en">
 <head>
  <title>
</title>
<meta http-equiv="Content-Type" content="text/html;charset=utf-8" />
  <meta name='ocr-system' content='tesseract 3.04.00' />
  <meta name='ocr-capabilities' content='ocr_page ocr_carea ocr_par ocr_line ocrx_word'/>
</head>
<body>
  <div class='ocr_page' id='page_1' title='image "./dissertationesp01stragoog_0250.png"; bbox 0 0 3304 4928; ppageno 0'>
   <div class='ocr_carea' id='block_1_1' title="bbox 621 436 1328 528">
    <p class='ocr_par' dir='ltr' id='par_1_1' title="bbox 621 436 1328 528">
     <span class='ocr_line' id='line_1_1' title="bbox 621 436 1328 528; baseline 0.01 -26"><span class='ocrx_word' id='word_1_1' title='bbox 621 477 663 486; x_wconf 82' lang='lat'><em>-</em></span> <span class='ocrx_word' id='word_1_2' title='bbox 711 436 801 528; x_wconf 83' lang='lat'>[241]</span> <span class='ocrx_word' id='word_1_3' title='bbox 848 477 891 486; x_wconf 89' lang='lat'><em>-</em></span> <span class='ocrx_word' id='word_1_4' title='bbox 1287 444 1328 509; x_wconf 84' lang='grc' dir='ltr'><em>οι</em></span> 
     </span>
    </p>
   </div>
   <div class='ocr_carea' id='block_1_2' title="bbox 179 625 1328 1043">
    <p class='ocr_par' dir='ltr' id='par_1_2' title="bbox 179 625 1328 1043">
     <span class='ocr_line' id='line_1_2' title="bbox 179 625 1326 722; baseline 0.003 -22"><span class='ocrx_word' id='word_1_5' title='bbox 179 625 220 700; x_wconf 86' lang='grc' dir='ltr'><em>τό</em></span> <span class='ocrx_word' id='word_1_6' title='bbox 243 626 305 720; x_wconf 80' lang='grc' dir='ltr'><em>γάρ</em></span> <span class='ocrx_word' id='word_1_7' title='bbox 330 626 512 719; x_wconf 77' lang='grc' dir='ltr'><em>ἀνώμαλον</em></span> <span class='ocrx_word' id='word_1_8' title='bbox 534 641 592 720; x_wconf 83' lang='grc' dir='ltr'><em>τῆς</em></span> <span class='ocrx_word' id='word_1_9' title='bbox 611 643 713 721; x_wconf 68' lang='grc' dir='ltr'><em>τομῆς</em></span> <span class='ocrx_word' id='word_1_10' title='bbox 752 633 755 701; x_wconf 61' lang='grc' dir='ltr'><em>δ</em></span> <span class='ocrx_word' id='word_1_11' title='bbox 795 634 1018 722; x_wconf 77' lang='grc' dir='ltr'><em>σθενέστερον</em></span> <span class='ocrx_word' id='word_1_12' title='bbox 1042 635 1079 701; x_wconf 78' lang='grc' dir='ltr'><em>δέ</em></span> <span class='ocrx_word' id='word_1_13' title='bbox 1097 635 1166 702; x_wconf 81' lang='grc' dir='ltr'><em>ἐστι</em></span> <span class='ocrx_word' id='word_1_14' title='bbox 1191 690 1326 704; x_wconf 94' lang='grc'><strong>.....</strong></span> 
     </span>
     <span class='ocr_line' id='line_1_3' title="bbox 179 733 1328 859; baseline 0.004 -53"><span class='ocrx_word' id='word_1_15' title='bbox 179 737 368 829; x_wconf 86' lang='grc' dir='ltr'><em>παχύτητος</em></span> <span class='ocrx_word' id='word_1_16' title='bbox 397 738 500 824; x_wconf 75' lang='grc' dir='ltr'><em>δόξαν</em></span> <span class='ocrx_word' id='word_1_17' title='bbox 528 738 711 827; x_wconf 73' lang='grc' dir='ltr'><strong><em>ἐργάζεται·</em></strong></span> <span class='ocrx_word' id='word_1_18' title='bbox 752 740 755 859; x_wconf 58' lang='grc' dir='ltr'><em>ρ</em></span> <span class='ocrx_word' id='word_1_19' title='bbox 795 793 885 807; x_wconf 92' lang='grc'><strong>....</strong></span> <span class='ocrx_word' id='word_1_20' title='bbox 910 733 950 808; x_wconf 88' lang='grc' dir='ltr'><em>τό</em></span> <span class='ocrx_word' id='word_1_21' title='bbox 976 734 1040 829; x_wconf 78' lang='grc' dir='ltr'><em>γάρ</em></span> <span class='ocrx_word' id='word_1_22' title='bbox 1068 737 1248 829; x_wconf 81' lang='grc' dir='ltr'><em>άνιόμαλον</em></span> <span class='ocrx_word' id='word_1_23' title='bbox 1271 753 1328 832; x_wconf 78' lang='grc' dir='ltr'><em>τῆς</em></span> 
     </span>
     <span class='ocr_line' id='line_1_4' title="bbox 181 840 1327 938; baseline 0.003 -23"><span class='ocrx_word' id='word_1_24' title='bbox 181 840 277 935; x_wconf 85' lang='grc' dir='ltr'><em>ὅπερ</em></span> <span class='ocrx_word' id='word_1_25' title='bbox 300 858 489 916; x_wconf 87' lang='grc' dir='ltr'><em>ποιοῦσιν</em></span> <span class='ocrx_word' id='word_1_26' title='bbox 513 848 549 916; x_wconf 75' lang='grc' dir='ltr'><em>οἱ</em></span> <span class='ocrx_word' id='word_1_27' title='bbox 570 854 712 936; x_wconf 91' lang='grc' dir='ltr'><em>βυρσο-</em></span> <span class='ocrx_word' id='word_1_28' title='bbox 794 857 896 935; x_wconf 82' lang='grc' dir='ltr'><strong><em>τομῆς</em></strong></span> <span class='ocrx_word' id='word_1_29' title='bbox 911 847 1101 938; x_wconf 85' lang='grc' dir='ltr'><em>παχύτητος</em></span> <span class='ocrx_word' id='word_1_30' title='bbox 1116 847 1219 933; x_wconf 80' lang='grc' dir='ltr'><em>δόξαν</em></span> <span class='ocrx_word' id='word_1_31' title='bbox 1234 850 1327 938; x_wconf 73' lang='grc' dir='ltr'><em>ἐργά-</em></span> 
     </span>
     <span class='ocr_line' id='line_1_5' title="bbox 183 957 307 1043; baseline 0.008 -20"><span class='ocrx_word' id='word_1_32' title='bbox 183 957 307 1043; x_wconf 71' lang='grc' dir='ltr'><em>δάψαι.</em></span> 
     </span>
    </p>
   </div>
   <div class='ocr_carea' id='block_1_3' title="bbox 268 1127 475 1194">
    <p class='ocr_par' dir='ltr' id='par_1_3' title="bbox 268 1127 475 1194">
     <span class='ocr_line' id='line_1_6' title="bbox 268 1127 475 1194; baseline 0 0"><span class='ocrx_word' id='word_1_33' title='bbox 268 1127 321 1194; x_wconf 80' lang='lat' dir='ltr'><em>Ad</em></span> <span class='ocrx_word' id='word_1_34' title='bbox 343 1150 370 1192; x_wconf 82' lang='lat' dir='ltr'><em>v.</em></span> <span class='ocrx_word' id='word_1_35' title='bbox 395 1128 475 1194; x_wconf 87' lang='lat'>301:</span> 
     </span>
    </p>
   </div>
   <div class='ocr_carea' id='block_1_4' title="bbox 182 1229 712 1431">
    <p class='ocr_par' dir='ltr' id='par_1_4' title="bbox 182 1229 712 1431">
     <span class='ocr_line' id='line_1_7' title="bbox 229 1229 664 1320; baseline -0.005 -19"><span class='ocrx_word' id='word_1_36' title='bbox 229 1234 250 1301; x_wconf 88' lang='lat' dir='ltr'>S</span> <span class='ocrx_word' id='word_1_37' title='bbox 274 1257 297 1303; x_wconf 80' lang='grc' dir='ltr'><em>ε.</em></span> <span class='ocrx_word' id='word_1_38' title='bbox 322 1237 361 1320; x_wconf 87' lang='lat' dir='ltr'><em>gl.</em></span> <span class='ocrx_word' id='word_1_39' title='bbox 385 1229 664 1314; x_wconf 82' lang='grc' dir='ltr'><em>Ἀδεκατεύτοος·</em></span> 
     </span>
     <span class='ocr_line' id='line_1_8' title="bbox 182 1335 712 1431; baseline 0.002 -25"><span class='ocrx_word' id='word_1_40' title='bbox 182 1336 423 1431; x_wconf 81' lang='grc' dir='ltr'><em>άτελωνὴτους,</em></span> <span class='ocrx_word' id='word_1_41' title='bbox 446 1336 506 1422; x_wconf 84' lang='grc' dir='ltr'><em>τάς</em></span> <span class='ocrx_word' id='word_1_42' title='bbox 528 1335 590 1429; x_wconf 80' lang='grc' dir='ltr'><em>γάρ</em></span> <span class='ocrx_word' id='word_1_43' title='bbox 616 1339 712 1407; x_wconf 90' lang='grc' dir='ltr'><em>δεκά-</em></span> 
     </span>
    </p>
   </div>
   <div class='ocr_carea' id='block_1_5' title="bbox 795 963 893 1039">
    <p class='ocr_par' dir='ltr' id='par_1_5' title="bbox 795 963 893 1039">
     <span class='ocr_line' id='line_1_9' title="bbox 795 963 893 1039; baseline 0.02 -17"><span class='ocrx_word' id='word_1_44' title='bbox 795 963 893 1039; x_wconf 74' lang='grc' dir='ltr'><em>ζεται.</em></span> 
     </span>
    </p>
   </div>
   <div class='ocr_carea' id='block_1_6' title="bbox 1028 1235 1100 1302">
    <p class='ocr_par' dir='ltr' id='par_1_6' title="bbox 1028 1235 1100 1302">
     <span class='ocr_line' id='line_1_10' title="bbox 1028 1235 1100 1302; baseline 0.028 -2"><span class='ocrx_word' id='word_1_45' title='bbox 1028 1235 1100 1302; x_wconf 72' lang='lat' dir='ltr'><em>VO:</em></span> 
     </span>
    </p>
   </div>
   <div class='ocr_carea' id='block_1_7' title="bbox 752 1333 1325 1437">
    <p class='ocr_par' dir='ltr' id='par_1_7' title="bbox 752 1333 1325 1437">
     <span class='ocr_line' id='line_1_11' title="bbox 752 1333 1325 1437; baseline 0.009 -31"><span class='ocrx_word' id='word_1_46' title='bbox 752 1396 754 1437; x_wconf 65' lang='grc' dir='ltr'>Ι</span> <span class='ocrx_word' id='word_1_47' title='bbox 795 1333 850 1428; x_wconf 77' lang='grc' dir='ltr'><em>Μὴ</em></span> <span class='ocrx_word' id='word_1_48' title='bbox 870 1339 1043 1408; x_wconf 79' lang='grc' dir='ltr'><em>δεδωκότα</em></span> <span class='ocrx_word' id='word_1_49' title='bbox 1063 1335 1120 1410; x_wconf 73' lang='grc' dir='ltr'><em>ἀπ’</em></span> <span class='ocrx_word' id='word_1_50' title='bbox 1135 1337 1249 1410; x_wconf 78' lang='grc' dir='ltr'><em>αὐτῶν</em></span> <span class='ocrx_word' id='word_1_51' title='bbox 1264 1337 1325 1434; x_wconf 78' lang='grc' dir='ltr'><em>τὴν</em></span> 
     </span>
    </p>
   </div>
   <div class='ocr_carea' id='block_1_8' title="bbox 180 1447 1326 1876">
    <p class='ocr_par' dir='ltr' id='par_1_8' title="bbox 180 1447 1326 1876">
     <span class='ocr_line' id='line_1_12' title="bbox 180 1447 1324 1541; baseline 0 -25"><span class='ocrx_word' id='word_1_52' title='bbox 180 1473 238 1529; x_wconf 94' lang='grc' dir='ltr'><em>τας</em></span> <span class='ocrx_word' id='word_1_53' title='bbox 269 1459 340 1516; x_wconf 81' lang='grc' dir='ltr'><em>τῶν</em></span> <span class='ocrx_word' id='word_1_54' title='bbox 373 1455 513 1519; x_wconf 75' lang='grc' dir='ltr'><strong><em>κοιλιῶν</em></strong></span> <span class='ocrx_word' id='word_1_55' title='bbox 546 1457 617 1515; x_wconf 80' lang='grc' dir='ltr'><em>τῶν</em></span> <span class='ocrx_word' id='word_1_56' title='bbox 649 1457 712 1516; x_wconf 82' lang='grc' dir='ltr'><em>θο-</em></span> <span class='ocrx_word' id='word_1_57' title='bbox 752 1458 754 1541; x_wconf 72' lang='lat' dir='ltr'><strong>f</strong></span> <span class='ocrx_word' id='word_1_58' title='bbox 795 1447 937 1537; x_wconf 80' lang='grc' dir='ltr'><em>δεκάτην</em></span> <span class='ocrx_word' id='word_1_59' title='bbox 969 1462 1091 1537; x_wconf 78' lang='grc' dir='ltr'><em>μοῖραν</em></span> <span class='ocrx_word' id='word_1_60' title='bbox 1121 1465 1192 1530; x_wconf 78' lang='grc' dir='ltr'><em>τοῖς</em></span> <span class='ocrx_word' id='word_1_61' title='bbox 1222 1457 1324 1532; x_wconf 76' lang='grc' dir='ltr'><em>θεοῖς.</em></span> 
     </span>
     <span class='ocr_line' id='line_1_13' title="bbox 181 1549 1326 1646; baseline 0.003 -23"><span class='ocrx_word' id='word_1_62' title='bbox 181 1557 313 1643; x_wconf 74' lang='grc' dir='ltr'><em>ομένων</em></span> <span class='ocrx_word' id='word_1_63' title='bbox 341 1558 497 1625; x_wconf 73' lang='grc' dir='ltr'><em>ἐδίδοσαν</em></span> <span class='ocrx_word' id='word_1_64' title='bbox 525 1551 587 1646; x_wconf 76' lang='grc' dir='ltr'><em>τὴν</em></span> <span class='ocrx_word' id='word_1_65' title='bbox 616 1555 712 1624; x_wconf 87' lang='grc' dir='ltr'><em>δεκά-</em></span> <span class='ocrx_word' id='word_1_66' title='bbox 751 1557 754 1618; x_wconf 67' lang='grc' dir='ltr'><em>δ</em></span> <span class='ocrx_word' id='word_1_67' title='bbox 795 1553 875 1636; x_wconf 76' lang='grc' dir='ltr'><em>ἔθος</em></span> <span class='ocrx_word' id='word_1_68' title='bbox 896 1549 960 1646; x_wconf 84' lang='grc' dir='ltr'><em>γὰρ</em></span> <span class='ocrx_word' id='word_1_69' title='bbox 984 1555 1074 1643; x_wconf 77' lang='grc' dir='ltr'><em>εἶχον</em></span> <span class='ocrx_word' id='word_1_70' title='bbox 1096 1553 1156 1637; x_wconf 84' lang='grc' dir='ltr'><em>τὰς</em></span> <span class='ocrx_word' id='word_1_71' title='bbox 1185 1557 1326 1638; x_wconf 81' lang='grc' dir='ltr'><em>δεκάτας</em></span> 
     </span>
     <span class='ocr_line' id='line_1_14' title="bbox 180 1664 1325 1776; baseline 0.003 -46"><span class='ocrx_word' id='word_1_72' title='bbox 180 1689 241 1752; x_wconf 86' lang='grc' dir='ltr'><em>την</em></span> <span class='ocrx_word' id='word_1_73' title='bbox 269 1680 390 1752; x_wconf 81' lang='grc' dir='ltr'><em>μοῖραν</em></span> <span class='ocrx_word' id='word_1_74' title='bbox 414 1665 454 1732; x_wconf 79' lang='grc' dir='ltr'><em>ἐν</em></span> <span class='ocrx_word' id='word_1_75' title='bbox 481 1673 536 1750; x_wconf 75' lang='grc' dir='ltr'><em>τῷ</em></span> <span class='ocrx_word' id='word_1_76' title='bbox 564 1689 711 1752; x_wconf 85' lang='grc' dir='ltr'><em>πρυτα-</em></span> <span class='ocrx_word' id='word_1_77' title='bbox 751 1716 753 1776; x_wconf 53' lang='grc' dir='ltr'><em>ρ</em></span> <span class='ocrx_word' id='word_1_78' title='bbox 793 1664 1325 1755; x_wconf 76' lang='grc' dir='ltr'><em>τωνθυομένωντοῖςπρυτά-</em></span> 
     </span>
     <span class='ocr_line' id='line_1_15' title="bbox 750 1770 1323 1876; baseline 0.009 -40"><span class='ocrx_word' id='word_1_79' title='bbox 750 1788 753 1876; x_wconf 62' lang='grc' dir='ltr'><em>ρ</em></span> <span class='ocrx_word' id='word_1_80' title='bbox 793 1791 903 1838; x_wconf 89' lang='grc' dir='ltr'><em>νεσιν</em></span> <span class='ocrx_word' id='word_1_81' title='bbox 922 1771 955 1838; x_wconf 75' lang='grc' dir='ltr'><em>οἱ</em></span> <span class='ocrx_word' id='word_1_82' title='bbox 972 1770 1123 1860; x_wconf 80' lang='grc' dir='ltr'><em>μάγειροι</em></span> <span class='ocrx_word' id='word_1_83' title='bbox 1138 1771 1323 1842; x_wconf 89' lang='grc' dir='ltr'><em>διδόναι...</em></span> 
     </span>
    </p>
   </div>
   <div class='ocr_carea' id='block_1_9' title="bbox 180 1776 282 1859">
    <p class='ocr_par' dir='ltr' id='par_1_9' title="bbox 180 1776 282 1859">
     <span class='ocr_line' id='line_1_16' title="bbox 180 1776 282 1859; baseline 0 -21"><span class='ocrx_word' id='word_1_84' title='bbox 180 1776 282 1859; x_wconf 80' lang='grc' dir='ltr'><em>νεὶῳ.</em></span> 
     </span>
    </p>
   </div>
   <div class='ocr_carea' id='block_1_10' title="bbox 269 1961 472 2027">
    <p class='ocr_par' dir='ltr' id='par_1_10' title="bbox 269 1961 472 2027">
     <span class='ocr_line' id='line_1_17' title="bbox 269 1961 472 2027; baseline 0 -1"><span class='ocrx_word' id='word_1_85' title='bbox 269 1961 319 2026; x_wconf 87' lang='lat' dir='ltr'><em>Ad</em></span> <span class='ocrx_word' id='word_1_86' title='bbox 342 1983 369 2027; x_wconf 79' lang='lat' dir='ltr'><em>v.</em></span> <span class='ocrx_word' id='word_1_87' title='bbox 393 1961 472 2026; x_wconf 87' lang='lat'>369:</span> 
     </span>
    </p>
   </div>
   <div class='ocr_carea' id='block_1_11' title="bbox 178 2083 712 2708">
    <p class='ocr_par' dir='ltr' id='par_1_11' title="bbox 178 2083 712 2708">
     <span class='ocr_line' id='line_1_18' title="bbox 292 2083 595 2171; baseline -0.01 -19"><span class='ocrx_word' id='word_1_88' title='bbox 292 2086 313 2152; x_wconf 80' lang='lat' dir='ltr'>S</span> <span class='ocrx_word' id='word_1_89' title='bbox 337 2109 361 2153; x_wconf 88' lang='lat' dir='ltr'><em>s.</em></span> <span class='ocrx_word' id='word_1_90' title='bbox 383 2086 422 2171; x_wconf 83' lang='lat' dir='ltr'><em>gl.</em></span> <span class='ocrx_word' id='word_1_91' title='bbox 446 2083 595 2157; x_wconf 79' lang='grc' dir='ltr'><em>Ξαὶνειν·</em></span> 
     </span>
     <span class='ocr_line' id='line_1_19' title="bbox 184 2185 712 2281; baseline 0 -23"><span class='ocrx_word' id='word_1_92' title='bbox 184 2245 189 2258; x_wconf 95' lang='grc'><strong><em>.</em></strong></span> <span class='ocrx_word' id='word_1_93' title='bbox 202 2245 209 2258; x_wconf 92' lang='grc'><strong>.</strong></span> <span class='ocrx_word' id='word_1_94' title='bbox 221 2246 227 2258; x_wconf 93' lang='grc'>.</span> <span class='ocrx_word' id='word_1_95' title='bbox 240 2247 246 2258; x_wconf 94' lang='grc'><strong>.</strong></span> <span class='ocrx_word' id='word_1_96' title='bbox 258 2189 290 2260; x_wconf 77' lang='grc' dir='ltr'><em>οἱ</em></span> <span class='ocrx_word' id='word_1_97' title='bbox 299 2185 360 2280; x_wconf 83' lang='grc' dir='ltr'><em>γάρ</em></span> <span class='ocrx_word' id='word_1_98' title='bbox 374 2189 504 2281; x_wconf 92' lang='grc' dir='ltr'><em>βύρσεις</em></span> <span class='ocrx_word' id='word_1_99' title='bbox 517 2188 577 2272; x_wconf 88' lang='grc' dir='ltr'><em>τὰς</em></span> <span class='ocrx_word' id='word_1_100' title='bbox 588 2189 712 2279; x_wconf 79' lang='grc' dir='ltr'><em>βύρσας</em></span> 
     </span>
     <span class='ocr_line' id='line_1_20' title="bbox 182 2297 711 2390; baseline -0.006 -23"><span class='ocrx_word' id='word_1_101' title='bbox 182 2297 291 2390; x_wconf 64' lang='grc' dir='ltr'><em>ξύλοις</em></span> <span class='ocrx_word' id='word_1_102' title='bbox 304 2297 442 2367; x_wconf 76' lang='grc' dir='ltr'><em>τύπτειν</em></span> <span class='ocrx_word' id='word_1_103' title='bbox 458 2298 631 2381; x_wconf 77' lang='grc' dir='ltr'><em>εἰώθασιν,</em></span> <span class='ocrx_word' id='word_1_104' title='bbox 647 2299 711 2366; x_wconf 74' lang='grc' dir='ltr'><em>ἵνα</em></span> 
     </span>
     <span class='ocr_line' id='line_1_21' title="bbox 181 2400 710 2494; baseline -0.002 -21"><span class='ocrx_word' id='word_1_105' title='bbox 181 2400 326 2474; x_wconf 74' lang='grc' dir='ltr'><em>ἁπαλοὶ</em></span> <span class='ocrx_word' id='word_1_106' title='bbox 344 2405 557 2494; x_wconf 84' lang='grc' dir='ltr'><em>γενόμεναι</em></span> <span class='ocrx_word' id='word_1_107' title='bbox 576 2403 710 2474; x_wconf 81' lang='grc' dir='ltr'><em>διαλά-</em></span> 
     </span>
     <span class='ocr_line' id='line_1_22' title="bbox 179 2509 709 2601; baseline -0.002 -20"><span class='ocrx_word' id='word_1_108' title='bbox 179 2519 288 2596; x_wconf 89' lang='grc' dir='ltr'><em>βοιεν</em></span> <span class='ocrx_word' id='word_1_109' title='bbox 318 2509 487 2601; x_wconf 81' lang='grc' dir='ltr'><em>εύχερως</em></span> <span class='ocrx_word' id='word_1_110' title='bbox 513 2523 585 2580; x_wconf 84' lang='grc' dir='ltr'><em>τοῦ</em></span> <span class='ocrx_word' id='word_1_111' title='bbox 613 2538 709 2600; x_wconf 80' lang='grc' dir='ltr'><em>φαρ-</em></span> 
     </span>
     <span class='ocr_line' id='line_1_23' title="bbox 178 2619 315 2708; baseline 0 -19"><span class='ocrx_word' id='word_1_112' title='bbox 178 2619 315 2708; x_wconf 90' lang='grc' dir='ltr'><em>μάκου.</em></span> 
     </span>
    </p>
   </div>
   <div class='ocr_carea' id='block_1_12' title="bbox 267 2791 478 2857">
    <p class='ocr_par' dir='ltr' id='par_1_12' title="bbox 267 2791 478 2857">
     <span class='ocr_line' id='line_1_24' title="bbox 267 2791 478 2857; baseline -0.009 0"><span class='ocrx_word' id='word_1_113' title='bbox 267 2791 326 2857; x_wconf 55' lang='lat' dir='ltr'><em>A&amp;</em></span> <span class='ocrx_word' id='word_1_114' title='bbox 350 2815 377 2857; x_wconf 82' lang='lat' dir='ltr'><em>v.</em></span> <span class='ocrx_word' id='word_1_115' title='bbox 400 2791 478 2857; x_wconf 80' lang='lat'>518:</span> 
     </span>
    </p>
   </div>
   <div class='ocr_carea' id='block_1_13' title="bbox 178 2908 713 3218">
    <p class='ocr_par' dir='ltr' id='par_1_13' title="bbox 178 2908 713 3218">
     <span class='ocr_line' id='line_1_25' title="bbox 273 2908 623 3001; baseline -0.009 -18"><span class='ocrx_word' id='word_1_116' title='bbox 273 2915 294 2982; x_wconf 87' lang='lat' dir='ltr'>S</span> <span class='ocrx_word' id='word_1_117' title='bbox 319 2939 342 2983; x_wconf 85' lang='grc' dir='ltr'><em>ε.</em></span> <span class='ocrx_word' id='word_1_118' title='bbox 361 2915 403 3001; x_wconf 84' lang='lat' dir='ltr'><em>gl.</em></span> <span class='ocrx_word' id='word_1_119' title='bbox 426 2908 623 2994; x_wconf 76' lang='grc' dir='ltr'><em>’Κπετεὶοος</em></span> 
     </span>
     <span class='ocr_line' id='line_1_26' title="bbox 181 3015 713 3112; baseline -0.002 -23"><span class='ocrx_word' id='word_1_120' title='bbox 181 3076 187 3089; x_wconf 93' lang='grc'><strong>.</strong></span> <span class='ocrx_word' id='word_1_121' title='bbox 213 3076 219 3089; x_wconf 93' lang='grc'><strong>.</strong></span> <span class='ocrx_word' id='word_1_122' title='bbox 245 3076 252 3088; x_wconf 92' lang='grc'><strong>.</strong></span> <span class='ocrx_word' id='word_1_123' title='bbox 277 3015 321 3112; x_wconf 85' lang='grc' dir='ltr'><em>μὴ</em></span> <span class='ocrx_word' id='word_1_124' title='bbox 347 3024 563 3109; x_wconf 73' lang='grc' dir='ltr'><em>διαμένοντας</em></span> <span class='ocrx_word' id='word_1_125' title='bbox 587 3021 624 3089; x_wconf 73' lang='grc' dir='ltr'><em>ἐν</em></span> <span class='ocrx_word' id='word_1_126' title='bbox 642 3037 713 3100; x_wconf 82' lang='grc' dir='ltr'><em>τοϊς</em></span> 
     </span>
     <span class='ocr_line' id='line_1_27' title="bbox 178 3123 607 3218; baseline -0.002 -22"><span class='ocrx_word' id='word_1_127' title='bbox 178 3123 292 3211; x_wconf 79' lang='grc' dir='ltr'><em>αὐτοῖς</em></span> <span class='ocrx_word' id='word_1_128' title='bbox 315 3123 390 3213; x_wconf 75' lang='grc' dir='ltr'><em>άεύ,</em></span> <span class='ocrx_word' id='word_1_129' title='bbox 414 3124 607 3218; x_wconf 82' lang='grc' dir='ltr'><em>ἁψικόρους.</em></span> 
     </span>
    </p>
   </div>
   <div class='ocr_carea' id='block_1_14' title="bbox 239 3301 467 3368">
    <p class='ocr_par' dir='ltr' id='par_1_14' title="bbox 239 3301 467 3368">
     <span class='ocr_line' id='line_1_28' title="bbox 239 3301 467 3368; baseline -0.013 0"><span class='ocrx_word' id='word_1_130' title='bbox 239 3302 315 3368; x_wconf 75' lang='lat' dir='ltr'><em>‘Ad</em></span> <span class='ocrx_word' id='word_1_131' title='bbox 338 3323 365 3366; x_wconf 85' lang='lat' dir='ltr'><em>v.</em></span> <span class='ocrx_word' id='word_1_132' title='bbox 388 3301 467 3366; x_wconf 78' lang='lat'>534:</span> 
     </span>
    </p>
   </div>
   <div class='ocr_carea' id='block_1_15' title="bbox 176 3425 708 4256">
    <p class='ocr_par' dir='ltr' id='par_1_15' title="bbox 176 3425 708 4256">
     <span class='ocr_line' id='line_1_29' title="bbox 296 3425 592 3510; baseline -0.003 -20"><span class='ocrx_word' id='word_1_133' title='bbox 296 3425 317 3490; x_wconf 87' lang='lat' dir='ltr'>S</span> <span class='ocrx_word' id='word_1_134' title='bbox 341 3448 364 3490; x_wconf 85' lang='grc' dir='ltr'><em>ε.</em></span> <span class='ocrx_word' id='word_1_135' title='bbox 383 3426 423 3510; x_wconf 84' lang='lat' dir='ltr'><em>gl.</em></span> <span class='ocrx_word' id='word_1_136' title='bbox 448 3427 592 3502; x_wconf 81' lang='grc' dir='ltr'><em>Κοννᾶς·</em></span> 
     </span>
     <span class='ocr_line' id='line_1_30' title="bbox 178 3520 708 3615; baseline -0.004 -19"><span class='ocrx_word' id='word_1_137' title='bbox 178 3584 184 3596; x_wconf 94' lang='grc'><strong>.</strong></span> <span class='ocrx_word' id='word_1_138' title='bbox 206 3584 212 3596; x_wconf 93' lang='grc'>.</span> <span class='ocrx_word' id='word_1_139' title='bbox 233 3583 240 3596; x_wconf 89' lang='grc'><em>.</em></span> <span class='ocrx_word' id='word_1_140' title='bbox 262 3520 297 3608; x_wconf 76' lang='grc' dir='ltr'><em>ὃς</em></span> <span class='ocrx_word' id='word_1_141' title='bbox 316 3529 362 3609; x_wconf 84' lang='grc' dir='ltr'><em>εἰς</em></span> <span class='ocrx_word' id='word_1_142' title='bbox 380 3523 422 3597; x_wconf 83' lang='grc' dir='ltr'><em>τά</em></span> <span class='ocrx_word' id='word_1_143' title='bbox 443 3525 611 3614; x_wconf 85' lang='grc' dir='ltr'><em>συμπόσια</em></span> <span class='ocrx_word' id='word_1_144' title='bbox 626 3553 708 3615; x_wconf 91' lang='grc' dir='ltr'><em>παρ-</em></span> 
     </span>
     <span class='ocr_line' id='line_1_31' title="bbox 177 3627 708 3727; baseline -0.004 -24"><span class='ocrx_word' id='word_1_145' title='bbox 177 3647 218 3727; x_wconf 81' lang='grc' dir='ltr'><em>ῆν</em></span> <span class='ocrx_word' id='word_1_146' title='bbox 256 3629 307 3703; x_wconf 86' lang='grc' dir='ltr'><em>άεὶ</em></span> <span class='ocrx_word' id='word_1_147' title='bbox 344 3636 547 3723; x_wconf 75' lang='grc' dir='ltr'><em>ἐστεμμένος.</em></span> <span class='ocrx_word' id='word_1_148' title='bbox 590 3627 610 3724; x_wconf 76' lang='grc' dir='ltr'>ἢ</span> <span class='ocrx_word' id='word_1_149' title='bbox 648 3627 708 3702; x_wconf 89' lang='grc' dir='ltr'><em>ότι</em></span> 
     </span>
     <span class='ocr_line' id='line_1_32' title="bbox 177 3739 708 3833; baseline -0.008 -21"><span class='ocrx_word' id='word_1_150' title='bbox 177 3739 427 3833; x_wconf 79' lang='grc' dir='ltr'><em>Ὀλυμπιονίκης</em></span> <span class='ocrx_word' id='word_1_151' title='bbox 449 3740 628 3830; x_wconf 85' lang='grc' dir='ltr'><em>γενόμενος</em></span> <span class='ocrx_word' id='word_1_152' title='bbox 650 3743 708 3809; x_wconf 82' lang='grc' dir='ltr'><em>πὲ-</em></span> 
     </span>
     <span class='ocr_line' id='line_1_33' title="bbox 178 3841 708 3941; baseline -0.006 -23"><span class='ocrx_word' id='word_1_153' title='bbox 178 3877 236 3941; x_wconf 85' lang='grc' dir='ltr'><em>νης</em></span> <span class='ocrx_word' id='word_1_154' title='bbox 277 3841 334 3940; x_wconf 75' lang='grc' dir='ltr'><em>ἦν,</em></span> <span class='ocrx_word' id='word_1_155' title='bbox 374 3851 477 3939; x_wconf 79' lang='grc' dir='ltr'><em>μηδὲν</em></span> <span class='ocrx_word' id='word_1_156' title='bbox 518 3849 656 3938; x_wconf 72' lang='grc' dir='ltr'><em>ἕτερον</em></span> <span class='ocrx_word' id='word_1_157' title='bbox 687 3843 708 3937; x_wconf 83' lang='grc' dir='ltr'><em>ἢ</em></span> 
     </span>
     <span class='ocr_line' id='line_1_34' title="bbox 177 3949 707 4046; baseline -0.006 -20"><span class='ocrx_word' id='word_1_158' title='bbox 177 3956 316 4026; x_wconf 87' lang='grc' dir='ltr'><em>κότινον</em></span> <span class='ocrx_word' id='word_1_159' title='bbox 336 3955 430 4044; x_wconf 73' lang='grc' dir='ltr'><em>ἔχων.</em></span> <span class='ocrx_word' id='word_1_160' title='bbox 455 3949 546 4045; x_wconf 82' lang='grc' dir='ltr'><em>ἢότι</em></span> <span class='ocrx_word' id='word_1_161' title='bbox 567 3949 707 4046; x_wconf 76' lang='grc' dir='ltr'><em>αὐλητὴς</em></span> 
     </span>
     <span class='ocr_line' id='line_1_35' title="bbox 176 4056 707 4157; baseline -0.004 -24"><span class='ocrx_word' id='word_1_162' title='bbox 176 4056 218 4157; x_wconf 81' lang='grc' dir='ltr'><em>ἦν</em></span> <span class='ocrx_word' id='word_1_163' title='bbox 246 4061 395 4155; x_wconf 79' lang='grc' dir='ltr'><em>ἄριστος,</em></span> <span class='ocrx_word' id='word_1_164' title='bbox 427 4062 597 4152; x_wconf 83' lang='grc' dir='ltr'><em>πενιχρός,</em></span> <span class='ocrx_word' id='word_1_165' title='bbox 625 4070 707 4132; x_wconf 81' lang='grc' dir='ltr'><em>πολ-</em></span> 
     </span>
     <span class='ocr_line' id='line_1_36' title="bbox 176 4161 707 4256; baseline -0.008 -14"><span class='ocrx_word' id='word_1_166' title='bbox 176 4172 270 4254; x_wconf 79' lang='grc' dir='ltr'><em>λάκις</em></span> <span class='ocrx_word' id='word_1_167' title='bbox 303 4176 547 4256; x_wconf 76' lang='grc' dir='ltr'><em>στεφανωθεὶς·</em></span> <span class='ocrx_word' id='word_1_168' title='bbox 585 4165 637 4256; x_wconf 76' lang='grc' dir='ltr'><em>ἐφ’</em></span> <span class='ocrx_word' id='word_1_169' title='bbox 666 4161 707 4238; x_wconf 83' lang='grc' dir='ltr'><em>οὗ</em></span> 
     </span>
    </p>
   </div>
   <div class='ocr_carea' id='block_1_16' title="bbox 791 2086 1324 2708">
    <p class='ocr_par' dir='ltr' id='par_1_16' title="bbox 791 2086 1324 2708">
     <span class='ocr_line' id='line_1_37' title="bbox 1023 2086 1095 2153; baseline 0.056 -3"><span class='ocrx_word' id='word_1_170' title='bbox 1023 2086 1095 2153; x_wconf 72' lang='lat' dir='ltr'><em>VO:</em></span> 
     </span>
     <span class='ocr_line' id='line_1_38' title="bbox 793 2185 1324 2283; baseline 0.008 -27"><span class='ocrx_word' id='word_1_171' title='bbox 793 2244 799 2256; x_wconf 93' lang='lat'>.</span> <span class='ocrx_word' id='word_1_172' title='bbox 825 2244 831 2256; x_wconf 92' lang='lat'><strong>.</strong></span> <span class='ocrx_word' id='word_1_173' title='bbox 858 2243 864 2256; x_wconf 93' lang='lat'><strong>.</strong></span> <span class='ocrx_word' id='word_1_174' title='bbox 893 2245 900 2257; x_wconf 87' lang='lat'><strong>.</strong></span> <span class='ocrx_word' id='word_1_175' title='bbox 929 2195 985 2258; x_wconf 81' lang='grc' dir='ltr'><em>καὶ</em></span> <span class='ocrx_word' id='word_1_176' title='bbox 1015 2185 1079 2279; x_wconf 83' lang='grc' dir='ltr'><em>γάρ</em></span> <span class='ocrx_word' id='word_1_177' title='bbox 1111 2188 1171 2272; x_wconf 80' lang='grc' dir='ltr'><em>τὰς</em></span> <span class='ocrx_word' id='word_1_178' title='bbox 1201 2192 1324 2283; x_wconf 80' lang='grc' dir='ltr'><em>βύρσας</em></span> 
     </span>
     <span class='ocr_line' id='line_1_39' title="bbox 791 2295 1323 2381; baseline 0.008 -17"><span class='ocrx_word' id='word_1_179' title='bbox 791 2296 901 2381; x_wconf 78' lang='grc' dir='ltr'><em>ξύλοις</em></span> <span class='ocrx_word' id='word_1_180' title='bbox 917 2295 1056 2366; x_wconf 85' lang='grc' dir='ltr'><em>τύπτειν</em></span> <span class='ocrx_word' id='word_1_181' title='bbox 1071 2297 1244 2381; x_wconf 75' lang='grc' dir='ltr'><em>εἰώθασιν,</em></span> <span class='ocrx_word' id='word_1_182' title='bbox 1260 2300 1323 2368; x_wconf 79' lang='grc' dir='ltr'><em>ἵνα</em></span> 
     </span>
     <span class='ocr_line' id='line_1_40' title="bbox 793 2396 1322 2488; baseline 0.004 -15"><span class='ocrx_word' id='word_1_183' title='bbox 793 2398 939 2473; x_wconf 79' lang='grc' dir='ltr'><em>άπαλαὶ</em></span> <span class='ocrx_word' id='word_1_184' title='bbox 971 2396 1081 2474; x_wconf 78' lang='grc' dir='ltr'><em>ὦσιν·</em></span> <span class='ocrx_word' id='word_1_185' title='bbox 1124 2405 1226 2475; x_wconf 84' lang='grc' dir='ltr'><em>ἔνιοι</em></span> <span class='ocrx_word' id='word_1_186' title='bbox 1268 2407 1322 2488; x_wconf 73' lang='grc' dir='ltr'><em>δὲ,</em></span> 
     </span>
     <span class='ocr_line' id='line_1_41' title="bbox 792 2508 1323 2602; baseline 0.002 -23"><span class='ocrx_word' id='word_1_187' title='bbox 792 2511 855 2580; x_wconf 74' lang='grc' dir='ltr'><em>ἵνα</em></span> <span class='ocrx_word' id='word_1_188' title='bbox 889 2511 1118 2596; x_wconf 82' lang='grc' dir='ltr'><em>διαλάβοιεν</em></span> <span class='ocrx_word' id='word_1_189' title='bbox 1155 2508 1323 2602; x_wconf 80' lang='grc' dir='ltr'><em>εύχερῶς</em></span> 
     </span>
     <span class='ocr_line' id='line_1_42' title="bbox 791 2618 1104 2708; baseline 0.003 -21"><span class='ocrx_word' id='word_1_190' title='bbox 791 2629 862 2688; x_wconf 88' lang='grc' dir='ltr'><em>τοῦ</em></span> <span class='ocrx_word' id='word_1_191' title='bbox 886 2618 1104 2708; x_wconf 82' lang='grc' dir='ltr'><em>φαρμάκου.</em></span> 
     </span>
    </p>
   </div>
   <div class='ocr_carea' id='block_1_17' title="bbox 793 2917 1323 3216">
    <p class='ocr_par' dir='ltr' id='par_1_17' title="bbox 793 2917 1323 3216">
     <span class='ocr_line' id='line_1_43' title="bbox 1021 2917 1091 2982; baseline 0 -1"><span class='ocrx_word' id='word_1_192' title='bbox 1021 2917 1091 2982; x_wconf 76' lang='grc' dir='ltr'><em>Κθτ</em></span> 
     </span>
     <span class='ocr_line' id='line_1_44' title="bbox 794 3015 1323 3110; baseline 0.002 -22"><span class='ocrx_word' id='word_1_193' title='bbox 794 3076 800 3088; x_wconf 93' lang='grc'><em>.</em></span> <span class='ocrx_word' id='word_1_194' title='bbox 827 3076 832 3088; x_wconf 95' lang='grc'><em>.</em></span> <span class='ocrx_word' id='word_1_195' title='bbox 858 3075 865 3088; x_wconf 88' lang='grc'><strong>.</strong></span> <span class='ocrx_word' id='word_1_196' title='bbox 889 3015 933 3110; x_wconf 85' lang='grc' dir='ltr'><em>μὴ</em></span> <span class='ocrx_word' id='word_1_197' title='bbox 953 3023 1170 3109; x_wconf 83' lang='grc' dir='ltr'><em>διαμένοντας</em></span> <span class='ocrx_word' id='word_1_198' title='bbox 1193 3020 1230 3087; x_wconf 83' lang='grc' dir='ltr'><em>ἐν</em></span> <span class='ocrx_word' id='word_1_199' title='bbox 1252 3035 1323 3100; x_wconf 80' lang='grc' dir='ltr'><em>τοῖς</em></span> 
     </span>
     <span class='ocr_line' id='line_1_45' title="bbox 793 3122 1253 3216; baseline -0.002 -21"><span class='ocrx_word' id='word_1_200' title='bbox 793 3123 915 3210; x_wconf 77' lang='grc' dir='ltr'><em>αὐτοῖς,</em></span> <span class='ocrx_word' id='word_1_201' title='bbox 940 3122 1036 3197; x_wconf 67' lang='lat' dir='ltr'><em>cmc}</em></span> <span class='ocrx_word' id='word_1_202' title='bbox 1060 3123 1253 3216; x_wconf 76' lang='grc' dir='ltr'><em>άψικόρους.</em></span> 
     </span>
    </p>
   </div>
   <div class='ocr_carea' id='block_1_18' title="bbox 783 3423 1321 4260">
    <p class='ocr_par' dir='ltr' id='par_1_18' title="bbox 783 3423 1321 4260">
     <span class='ocr_line' id='line_1_46' title="bbox 1022 3423 1095 3489; baseline -0.027 0"><span class='ocrx_word' id='word_1_203' title='bbox 1022 3423 1095 3489; x_wconf 73' lang='lat' dir='ltr'><em>VO:</em></span> 
     </span>
     <span class='ocr_line' id='line_1_47' title="bbox 791 3519 1319 3614; baseline 0 -20"><span class='ocrx_word' id='word_1_204' title='bbox 791 3581 797 3594; x_wconf 92' lang='lat'><strong>.</strong></span> <span class='ocrx_word' id='word_1_205' title='bbox 823 3582 829 3594; x_wconf 90' lang='lat'>.</span> <span class='ocrx_word' id='word_1_206' title='bbox 855 3581 862 3594; x_wconf 90' lang='lat'><strong>.</strong></span> <span class='ocrx_word' id='word_1_207' title='bbox 887 3519 924 3608; x_wconf 76' lang='grc' dir='ltr'><em>ὃς</em></span> <span class='ocrx_word' id='word_1_208' title='bbox 947 3528 993 3607; x_wconf 84' lang='grc' dir='ltr'><em>εἰς</em></span> <span class='ocrx_word' id='word_1_209' title='bbox 1012 3525 1179 3614; x_wconf 89' lang='grc' dir='ltr'><em>συμπόσια</em></span> <span class='ocrx_word' id='word_1_210' title='bbox 1201 3524 1319 3614; x_wconf 73' lang='grc' dir='ltr'><em>παρῄει</em></span> 
     </span>
     <span class='ocr_line' id='line_1_48' title="bbox 790 3625 1320 3721; baseline -0.004 -19"><span class='ocrx_word' id='word_1_211' title='bbox 790 3629 841 3702; x_wconf 83' lang='grc' dir='ltr'><em>άεὶ</em></span> <span class='ocrx_word' id='word_1_212' title='bbox 865 3635 1069 3721; x_wconf 73' lang='grc' dir='ltr'><em>ἐστεμμένος.</em></span> <span class='ocrx_word' id='word_1_213' title='bbox 1095 3625 1193 3713; x_wconf 86' lang='grc' dir='ltr'><em>ούτος</em></span> <span class='ocrx_word' id='word_1_214' title='bbox 1212 3627 1320 3721; x_wconf 76' lang='grc' dir='ltr'><em>Ὀλυμ-</em></span> 
     </span>
     <span class='ocr_line' id='line_1_49' title="bbox 789 3740 1320 3830; baseline 0 -21"><span class='ocrx_word' id='word_1_215' title='bbox 789 3745 943 3830; x_wconf 77' lang='grc' dir='ltr'><em>πιονίκης</em></span> <span class='ocrx_word' id='word_1_216' title='bbox 965 3740 1143 3829; x_wconf 81' lang='grc' dir='ltr'><em>γενόμενος</em></span> <span class='ocrx_word' id='word_1_217' title='bbox 1165 3744 1221 3808; x_wconf 81' lang='grc' dir='ltr'><em>καὶ</em></span> <span class='ocrx_word' id='word_1_218' title='bbox 1239 3747 1320 3809; x_wconf 81' lang='grc' dir='ltr'><em>πολ-</em></span> 
     </span>
     <span class='ocr_line' id='line_1_50' title="bbox 789 3842 1321 3936; baseline 0 -20"><span class='ocrx_word' id='word_1_219' title='bbox 789 3846 883 3928; x_wconf 82' lang='grc' dir='ltr'><em>λάκις</em></span> <span class='ocrx_word' id='word_1_220' title='bbox 911 3853 1143 3932; x_wconf 78' lang='grc' dir='ltr'><em>στεφανωθεὶς</em></span> <span class='ocrx_word' id='word_1_221' title='bbox 1165 3842 1321 3936; x_wconf 85' lang='grc' dir='ltr'><em>πενιχρός</em></span> 
     </span>
     <span class='ocr_line' id='line_1_51' title="bbox 789 3946 1319 4045; baseline 0 -23"><span class='ocrx_word' id='word_1_222' title='bbox 789 3946 840 4045; x_wconf 78' lang='grc' dir='ltr'><em>ἦν,</em></span> <span class='ocrx_word' id='word_1_223' title='bbox 867 3957 970 4044; x_wconf 70' lang='grc' dir='ltr'><em>μηδὲν</em></span> <span class='ocrx_word' id='word_1_224' title='bbox 994 3954 1079 4042; x_wconf 70' lang='grc' dir='ltr'><em>ἔχων</em></span> <span class='ocrx_word' id='word_1_225' title='bbox 1103 3949 1188 4022; x_wconf 75' lang='grc' dir='ltr'><em>άλλ’</em></span> <span class='ocrx_word' id='word_1_226' title='bbox 1216 3949 1237 4044; x_wconf 81' lang='grc' dir='ltr'><em>ἢ</em></span> <span class='ocrx_word' id='word_1_227' title='bbox 1260 3953 1319 4022; x_wconf 88' lang='grc' dir='ltr'><em>κό-</em></span> 
     </span>
     <span class='ocr_line' id='line_1_52' title="bbox 789 4053 1319 4152; baseline -0.004 -22"><span class='ocrx_word' id='word_1_228' title='bbox 789 4088 892 4131; x_wconf 85' lang='grc' dir='ltr'><em>τινον.</em></span> <span class='ocrx_word' id='word_1_229' title='bbox 922 4053 1319 4152; x_wconf 74' lang='grc' dir='ltr'><em>ἐφόύΚρατῑνοςεῖπεν·</em></span> 
     </span>
     <span class='ocr_line' id='line_1_53' title="bbox 783 4165 1320 4260; baseline 0 -23"><span class='ocrx_word' id='word_1_230' title='bbox 783 4165 894 4239; x_wconf 77' lang='grc' dir='ltr'><em>Ἕσθιε</em></span> <span class='ocrx_word' id='word_1_231' title='bbox 918 4173 974 4238; x_wconf 86' lang='grc' dir='ltr'><em>καὶ</em></span> <span class='ocrx_word' id='word_1_232' title='bbox 999 4179 1038 4256; x_wconf 75' lang='grc' dir='ltr'><em>σῇ</em></span> <span class='ocrx_word' id='word_1_233' title='bbox 1062 4173 1117 4257; x_wconf 73' lang='grc' dir='ltr'><em>(τῇ</em></span> <span class='ocrx_word' id='word_1_234' title='bbox 1139 4175 1181 4260; x_wconf 79' lang='grc' dir='ltr'><em>θ)</em></span> <span class='ocrx_word' id='word_1_235' title='bbox 1204 4173 1320 4258; x_wconf 86' lang='grc' dir='ltr'><em>γαστρὶ</em></span> 
     </span>
    </p>
   </div>
   <div class='ocr_carea' id='block_1_19' title="bbox 177 4271 1320 4368">
    <p class='ocr_par' dir='ltr' id='par_1_19' title="bbox 177 4271 1320 4368">
     <span class='ocr_line' id='line_1_54' title="bbox 177 4271 1320 4368; baseline -0.004 -20"><span class='ocrx_word' id='word_1_236' title='bbox 177 4286 342 4368; x_wconf 78' lang='grc' dir='ltr'><em>Κρατῖνος</em></span> <span class='ocrx_word' id='word_1_237' title='bbox 373 4277 479 4348; x_wconf 80' lang='grc' dir='ltr'><em>εἶπεν·</em></span> <span class='ocrx_word' id='word_1_238' title='bbox 511 4275 623 4347; x_wconf 75' lang='grc' dir='ltr'><em>Ἑσθιε</em></span> <span class='ocrx_word' id='word_1_239' title='bbox 651 4282 707 4346; x_wconf 89' lang='grc' dir='ltr'><em>καὶ</em></span> <span class='ocrx_word' id='word_1_240' title='bbox 789 4281 884 4346; x_wconf 87' lang='grc' dir='ltr'><em>δίδου</em></span> <span class='ocrx_word' id='word_1_241' title='bbox 909 4275 1017 4366; x_wconf 86' lang='grc' dir='ltr'><em>χάριν,</em></span> <span class='ocrx_word' id='word_1_242' title='bbox 1045 4272 1135 4366; x_wconf 80' lang='grc' dir='ltr'><em>όφρα</em></span> <span class='ocrx_word' id='word_1_243' title='bbox 1163 4297 1198 4344; x_wconf 92' lang='grc' dir='ltr'><em>σε</em></span> <span class='ocrx_word' id='word_1_244' title='bbox 1226 4271 1320 4364; x_wconf 79' lang='grc' dir='ltr'><em>λιμὸς</em></span> 
     </span>
    </p>
   </div>
   <div class='ocr_carea' id='block_1_20' title="bbox 179 4381 707 4475">
    <p class='ocr_par' dir='ltr' id='par_1_20' title="bbox 179 4381 707 4475">
     <span class='ocr_line' id='line_1_55' title="bbox 179 4381 707 4475; baseline -0.004 -20"><span class='ocrx_word' id='word_1_245' title='bbox 179 4397 218 4474; x_wconf 73' lang='grc' dir='ltr'><em>σῇ</em></span> <span class='ocrx_word' id='word_1_246' title='bbox 237 4390 353 4475; x_wconf 85' lang='grc' dir='ltr'><em>γαστρὶ</em></span> <span class='ocrx_word' id='word_1_247' title='bbox 373 4390 468 4455; x_wconf 84' lang='grc' dir='ltr'><em>δίδου</em></span> <span class='ocrx_word' id='word_1_248' title='bbox 485 4385 593 4475; x_wconf 79' lang='grc' dir='ltr'><em>χάριν,</em></span> <span class='ocrx_word' id='word_1_249' title='bbox 617 4381 707 4475; x_wconf 86' lang='grc' dir='ltr'><em>ὄφρα</em></span> 
     </span>
    </p>
   </div>
   <div class='ocr_carea' id='block_1_21' title="bbox 178 4473 748 4583">
    <p class='ocr_par' dir='ltr' id='par_1_21' title="bbox 178 4473 748 4583">
     <span class='ocr_line' id='line_1_56' title="bbox 178 4473 748 4583; baseline -0.002 -21"><span class='ocrx_word' id='word_1_250' title='bbox 178 4515 213 4563; x_wconf 90' lang='grc' dir='ltr'><em>σε</em></span> <span class='ocrx_word' id='word_1_251' title='bbox 245 4487 340 4580; x_wconf 80' lang='grc' dir='ltr'><em>λιμὸς</em></span> <span class='ocrx_word' id='word_1_252' title='bbox 371 4488 538 4583; x_wconf 76' lang='grc' dir='ltr'><em>Ἑχβαίρρ,</em></span> <span class='ocrx_word' id='word_1_253' title='bbox 574 4498 708 4572; x_wconf 81' lang='grc' dir='ltr'><em>Κοννᾶς</em></span> <span class='ocrx_word' id='word_1_254' title='bbox 745 4473 748 4580; x_wconf 64' lang='grc' dir='ltr'>Ι</span> 
     </span>
    </p>
   </div>
   <div class='ocr_carea' id='block_1_22' title="bbox 788 4379 1319 4474">
    <p class='ocr_par' dir='ltr' id='par_1_22' title="bbox 788 4379 1319 4474">
     <span class='ocr_line' id='line_1_57' title="bbox 788 4379 1319 4474; baseline -0.004 -22"><span class='ocrx_word' id='word_1_255' title='bbox 788 4379 951 4474; x_wconf 77' lang='grc' dir='ltr'><em>Ἐχθαὶρρ,</em></span> <span class='ocrx_word' id='word_1_256' title='bbox 978 4390 1112 4464; x_wconf 84' lang='grc' dir='ltr'><em>Κοννᾶς</em></span> <span class='ocrx_word' id='word_1_257' title='bbox 1140 4385 1175 4452; x_wconf 87' lang='grc' dir='ltr'><em>δε</em></span> <span class='ocrx_word' id='word_1_258' title='bbox 1199 4391 1319 4452; x_wconf 72' lang='grc' dir='ltr'><em>πολυ-</em></span> 
     </span>
    </p>
   </div>
   <div class='ocr_carea' id='block_1_23' title="bbox 1143 4601 1158 4652">
    <p class='ocr_par' dir='ltr' id='par_1_23' title="bbox 1143 4601 1158 4652">
     <span class='ocr_line' id='line_1_58' title="bbox 1143 4601 1158 4652; baseline 0 0"><span class='ocrx_word' id='word_1_259' title='bbox 1143 4601 1158 4652; x_wconf 75' lang='grc' dir='ltr'><strong><em>Ἰ</em></strong></span> 
     </span>
    </p>
   </div>
   <div class='ocr_carea' id='block_1_24' title="bbox 0 0 1656 4928">
    <p class='ocr_par' dir='ltr' id='par_1_24' title="bbox 0 0 1656 4928">
     <span class='ocr_line' id='line_1_59' title="bbox 0 0 1656 4928; baseline 0 1"><span class='ocrx_word' id='word_1_260' title='bbox 0 0 1656 4928; x_wconf 95' lang='lat' dir='ltr'><em> </em></span> 
     </span>
    </p>
   </div>
  </div>
 </body>
</html>
