3304 4928
326 433 368 499 38
643 505 646 512 ,
754 469 798 490 -.-
845 431 941 514 [rm]
988 469 1030 480 -

326 627 407 692 fecto
441 627 567 691 minime
599 625 812 709 neglegendus
836 630 884 689 est
911 623 1025 692 Suidae
1056 625 1089 689 in
1121 625 1320 689 recensendis
1347 625 1472 688 Aristo-

325 733 439 816 phanis
478 731 609 798 febulis:
650 753 723 796 narn
759 739 792 796 et
833 731 1038 796 uetustissimi
1079 735 1112 795 et
1152 730 1320 813 singularis
1356 731 1473 795 codicis

326 838 551 924 Aristophanei
574 837 727 920 reliquiae
750 837 828 901 satis
851 837 976 920 amplae
1002 837 1053 900 his
1081 836 1295 920 lexicographi
1317 836 1473 919 excerptis

326 951 472 1011 seruatae
501 950 584 1009 sunt
629 943 672 1008 Et
695 943 845 1025 quoniam
872 947 1026 1026 quantum
1048 963 1068 1006 a
1092 942 1276 1007 Rauennate
1298 941 1473 1024 scripturae

326 1050 443 1117 Suidae
466 1050 647 1132 discrepent
669 1049 946 1125 considerauimus‚
969 1048 1030 1114 hoc
1052 1049 1241 1114 monendum
1264 1054 1321 1124 est,
1344 1069 1384 1112 ne
1402 1069 1474 1113 cum

326 1157 486 1222 nonnullis
512 1156 590 1220 uiris
618 1155 719 1221 doctis
741 1153 921 1219 Rauennati
948 1153 1030 1220 libro
1054 1154 1241 1238 corruptelis
1264 1153 1382 1237 apertis
1404 1174 1473 1218 sae-

326 1258 497 1346 penumero
520 1261 637 1327 iniecto
659 1261 789 1326 nimiam
812 1261 1036 1326 auctoritatem
1058 1260 1242 1327 tribuamus.

715 1453 852 1519 onrvr
876 1453 1089 1520 nnrnnvn.

854 1599 874 1677 s
901 1597 950 1661 10.

417 1736 509 1800 Nunc
535 1743 661 1801 transeo
688 1736 728 1801 nd
757 1736 940 1801 tractandas
964 1735 1303 1820 'lhesmophoriazusas
1330 1741 1363 1800 et
1385 1736 1474 1819 Lysi-

328 1849 462 1907 stratam
489 1841 621 1908 fabulas.
677 1843 799 1920 Quibus
827 1843 860 1906 in
885 1843 1085 1908 recensendis
1113 1848 1240 1926 praetor
1266 1841 1332 1906 BG
1351 1841 1474 1906 codices

252 1993 256 2005 .
328 1947 503 2031 (Parisinos
514 1947 601 2012 2715
612 1947 724 2033 2717),
734 1948 1114 2014 VossianumLcidensom
1123 1948 1181 2034 (L)
1192 1945 1475 2012 Laurentianumrl

328 2053 396 2138 (31,
417 2053 482 2137 16),
503 2053 619 2136 quibus
636 2053 978 2136 'l'hesmophoriaznsae
997 2075 1068 2119 non
1088 2053 1306 2130 adseruantur,
1329 2053 1423 2136 uulgo
1440 2052 1474 2116 in

327 2180 419 2224 usum
433 2159 630 2224 uocabantur
649 2159 770 2225 codices
784 2161 982 2243 R(auennas)
1002 2165 1035 2224 et
1049 2158 1252 2242 Augustanus
1271 2159 1313 2243 (G
1324 2159 1476 2242 Velseni),

329 2266 465 2347 denique
483 2265 613 2330 Iuntina
636 2266 733 2331 editio
752 2267 905 2350 princeps.
942 2266 1034 2330 Nunc
1053 2266 1178 2330 Valseni
1199 2265 1474 2330 commentatione:

328 2370 454 2447 „Ueber
481 2372 542 2436 den
569 2373 669 2436 codex
696 2371 834 2437 Urbinas
862 2373 919 2437 der
946 2370 1123 2455 Lysistrata
1149 2373 1214 2436 und
1243 2371 1300 2435 der
1326 2371 1475 2435 Thesmo-

328 2477 537 2561 phoriazusen
556 2479 611 2542 des
629 2479 874 2560 Aristophanem
889 2479 1135 2544 luculentissimo
1154 2485 1286 2561 apparet
1305 2476 1475 2542 editionem

327 2584 415 2648 illam
434 2585 607 2667 principem
627 2583 740 2648 luntac
763 2605 803 2648 ex
820 2585 890 2666 ipso
909 2581 950 2648 R⁰
969 2583 1095 2648 finxisse
1106 2587 1140 2668 ¹).
1176 2584 1379 2666 Augustanus
1397 2604 1474 2647 uero

328 2689 445 2770 ubique
466 2685 533 2768 sere
550 2690 601 2754 ael
624 2689 734 2754 saltem
757 2691 793 2753 in
814 2690 906 2754 rebus
928 2691 1132 2772 grauissimis
1151 2711 1221 2756 cam
1239 2689 1282 2753 R⁶
1302 2689 1476 2754 consentire

329 2815 384 2859 nec
410 2795 476 2859 serbi
502 2796 620 2860 calami
647 2795 807 2859 erroribus
831 2817 852 2858 o
875 2796 919 2860 R⁶
944 2797 1075 2875 differre
1098 2795 1283 2860 Thierschio
1306 2794 1476 2858 uidebatur

329 2907 362 2966 et
380 2901 550 2986 Engero.²)
597 2903 666 2979 Quo
690 2901 739 2977 fit,
766 2909 803 2965 ut
826 2903 859 2966 in
887 2902 1290 2985 Thesmophoriazusis
1319 2921 1389 2965 cum
1412 2920 1476 2962 uno

329 3008 370 3071 ΒΘ
389 3007 506 3072 Suidae
530 3008 680 3072 lectiones
703 3007 934 3091 comparandae
957 3009 1028 3073 sint.

853 3187 873 3265 s
901 3184 949 3249 11.

417 3322 582 3406 Leguntur
609 3327 716 3387 autem
739 3323 833 3389 huius
860 3323 988 3389 fabulae
1010 3325 1096 3407 apud
1120 3324 1251 3389 Suidam
1275 3346 1386 3388 uorsus
1411 3323 1476 3388 203

200 3471 203 3477 ·
332 3451 430 3494 ——ea
453 3433 502 3493 est
524 3433 614 3492 sexta
636 3427 703 3493 fere
726 3430 824 3494 totius
847 3429 974 3494 fabulae
997 3451 1071 3513 pars
1092 3471 1128 3477 —
1152 3432 1229 3494 locis
1256 3431 1316 3494 148
1340 3430 1430 3494 citati
1440 3431 1476 3514 ³).

418 3535 466 3598 Ae
482 3534 618 3616 primum
633 3535 759 3618 quidem
773 3557 812 3600 ex
827 3537 872 3600 eis
886 3537 963 3601 locis
977 3535 1033 3602 ubi
1048 3536 1161 3602 Suidas
1176 3559 1246 3602 cum
1261 3537 1476 3621 R(auennate)

329 3640 484 3724 congruit,
506 3640 645 3722 insignes
668 3640 822 3722 quosdam
846 3642 1051 3706 enumerabo:
1414 3705 1420 3716 ,

418 3744 455 3808 V.
472 3746 536 3810 100
551 3744 666 3810 Suidae
684 3769 755 3811 curn
768 3747 809 3811 m
824 3748 1083 3832 διαμινυρὶςεται
1103 3749 1241 3814 immisso
1256 3753 1367 3812 contra
1383 3749 1478 3813 metri

403 3921 423 3987 1)
445 3917 595 3975 Refellitur
618 3919 703 3990 igitur
725 3921 865 3977 sententia
887 3921 992 3991 Engeri
1011 3922 1148 3978 Iuntinam
1173 3941 1190 3979 a
1208 3925 1245 3979 Ro
1265 3931 1292 3978 et
1315 3927 1478 3992 augustano

329 4023 388 4062 non
406 4007 509 4062 columi
530 4014 642 4062 tantum
660 4010 800 4065 erroribus
817 4011 866 4065 sed
884 4013 1017 4080 proniore
1035 4013 1119 4064 elium
1136 4013 1293 4079 adepturae
1313 4011 1478 4066 diuersitate

330 4094 443 4160 differre
460 4095 608 4164 opinantis.

401 4183 527 4251 'iprael
547 4185 662 4256 Lysistr.
683 4187 745 4251 ΧΠ,
765 4187 836 4241 Mus.
855 4188 944 4242 Rhea.
964 4189 990 4241 ll
1010 4191 1070 4244 245.

402 4273 422 4336 ⁸)
441 4273 576 4340 Reliquae
595 4273 753 4329 comoediae
772 4290 789 4328 a
808 4275 892 4330 Suidn
911 4276 1075 4330 afferuntur:
1104 4275 1199 4330 Nubes
1223 4275 1291 4330 loeis
1311 4277 1377 4340 124,
1401 4277 1477 4330 Aues

330 4360 395 4424 408,
415 4363 608 4418 Acharnenses
626 4365 692 4429 385,
716 4365 811 4418 Ranae
830 4364 895 4429 331,
919 4365 977 4418 Pax
997 4367 1061 4428 231,
1084 4364 1181 4418 Plutus
1200 4367 1265 4430 252,
1285 4365 1395 4434 Vespae
1414 4367 1476 4430 209,

330 4445 485 4518 Lysistrata
505 4452 565 4516 201,
584 4451 795 4506 Ecclesiazusae
816 4453 875 4506 195.
1356 4445 1360 4452 ⁴
