3280 4934
599 433 640 443 -
688 393 783 479 [137]
832 432 871 442 -
1102 395 1104 400 ·
1262 393 1303 460 41

165 589 289 676 θέρους
312 591 368 655 καὶ
386 596 448 654 τοῦ
467 591 562 656 σίτου
581 582 788 674 ἀκμάζοντος
806 590 892 656 facte
909 596 966 667 ost,
989 590 1070 656 libro
1094 591 1203 677 quinto
1221 591 1306 658 Thu-

166 699 292 783 cydides
316 697 441 762 initium
464 697 583 780 cepisse
606 703 774 775 statueret,
797 721 858 781 qno
882 719 975 764 sensu
1002 706 1071 763 tum
1093 698 1189 765 verba
1216 721 1240 764 c
1263 701 1307 765 20

166 803 349 886 accipienda
367 825 434 869 esso
443 797 651 902 putabimus?
678 805 800 871 Bellum
815 805 897 870 enim
911 805 1166 872 Archidamioum
1180 807 1307 872 minime

167 911 278 977 luisset
296 933 353 995 per
372 913 479 977 decem
497 932 597 977 annos
611 914 845 998 compluresque
861 913 940 979 dies:
959 912 992 979 id
1011 915 1096 996 quod
1109 913 1306 998 Thucydides

166 1019 233 1102 ipso
257 1016 403 1084 affirmat.
449 1019 562 1102 Itaque
584 1021 681 1086 rerba
703 1013 723 1107 ἡ
747 1013 828 1107 ἀρχὴ
847 1029 909 1087 τοῦ
926 1020 1077 1105 πολέμου
1099 1022 1141 1086 ad
1164 1042 1214 1086 res
1237 1022 1308 1087 illas

166 1125 323 1191 Plataicas
343 1133 487 1209 spectare
505 1135 646 1211 apparet.
682 1128 751 1206 Quo
768 1127 869 1210 magis
887 1128 1074 1206 mirandum,
1087 1129 1170 1210 qnod
1185 1128 1307 1213 Thucy·

167 1234 256 1297 didos
276 1233 353 1298 dicit
375 1225 395 1320 ἢ
415 1226 460 1310 ὡς
479 1225 518 1299 τὸ
537 1241 676 1320 πρῶτον
695 1227 714 1321 ἡ
733 1225 852 1321 ἐσβολὴ
870 1227 890 1322 ἡ
910 1233 943 1312 ἐς
961 1225 1023 1321 τὴν
1045 1225 1194 1321 ,Ἀττικὴν
1213 1237 1269 1302 καὶ
1287 1227 1308 1322 ἡ

167 1332 249 1426 ἁρχὴ
277 1347 340 1405 τοῦ
366 1341 516 1425 πολέμου
543 1343 643 1408 τοῦδε
671 1339 811 1425 ἐγένετο.
863 1343 968 1426 Atque
995 1347 1099 1418 erant,
1131 1343 1184 1426 qui
1212 1343 1309 1408 rerba

166 1440 207 1512 τὸ
230 1455 368 1532 πρῶτον
392 1439 412 1534 ἡ
432 1439 550 1535 ἐσβολὴ
573 1441 594 1535 ἦ
617 1446 650 1527 ές
673 1441 735 1536 τὴν
758 1440 906 1536 Ἀττικὴν
929 1451 985 1514 καὶ
1008 1451 1229 1534 interpolatori
1250 1452 1308 1516 tri·

167 1555 293 1620 buenda
316 1575 384 1620 esse
411 1558 622 1640 censerent31)
651 1555 766 1640 quibus
788 1554 893 1621 verbis
920 1555 1032 1622 deletis
1060 1558 1165 1622 omnia
1191 1557 1309 1640 optime

166 1663 324 1746 quadrare
347 1662 577 1728 intellexerunt.
619 1664 768 1728 Attamen
791 1663 1020 1748 interpretandi
1044 1664 1100 1729 illa
1117 1664 1215 1730 rerba
1232 1665 1308 1730 sim-

166 1769 329 1853 pliciorem
342 1770 424 1834 riam
442 1776 552 1852 patere
569 1775 656 1853 puto.
689 1769 843 1836 Secuntur
856 1771 941 1836 enim
955 1771 1103 1836 contiuuo
1117 1770 1209 1836 haec:
1229 1787 1308 1836 σκο-

167 1877 274 1943 πείτω
294 1875 331 1941 δέ
348 1899 397 1953 τις
415 1867 501 1940 κατὰ
519 1867 600 1954 τούς
620 1872 764 1962 χρόνους
787 1929 793 1942 .
815 1927 821 1941 .
843 1929 849 1942 .
870 1929 877 1941 .
901 1872 987 1942 κατὰ
1005 1876 1090 1964 θέρη
1113 1879 1170 1943 καὶ
1190 1885 1308 1964 χειμῶ-

167 2007 228 2060 υας
246 1977 413 2069 ἀριθμῶν,
432 1972 545 2068 ὥσπερ
564 1982 754 2068 γέγραπται,
774 1976 913 2071 εὑρήσει,
932 1980 968 2064 ἐξ
984 1974 1131 2070 ἡμισείας
1150 1979 1310 2070 ἑκατέρου

167 2099 230 2157 τοῦ
253 2089 411 2155 ἐνιαυτοῦ
433 2082 495 2176 τὴν
520 2085 661 2174 δύναμιν
685 2086 828 2175 ἔχοντος,
852 2089 933 2156 δέκα
955 2089 1016 2175 μὲν
1035 2088 1130 2178 θέρη,
1154 2091 1247 2169 ἴσους
1271 2092 1306 2156 δὲ

165 2206 329 2284 χειμῶνας
350 2205 400 2282 τῷ
423 2192 550 2283 πρώτῳ
572 2196 710 2282 πολέμῳ
728 2198 815 2282 τῷδε
839 2198 1084 2284 γεγενημένους.
1132 2197 1310 2264 Clarissima

168 2306 287 2372 indicat
309 2283 620 2388 Thucydides'illius
647 2304 723 2370 belli
746 2304 958 2370 Archidamici
986 2307 1094 2370 decem
1122 2324 1221 2370 anuos
1247 2325 1310 2370 non

167 2419 235 2480 tam
261 2435 281 2478 a
308 2419 394 2478 certo
422 2412 474 2477 die
497 2411 614 2498 (neque
636 2413 677 2478 ab
700 2411 824 2476 insidiis
847 2412 984 2478 Pletacis
1011 2410 1139 2476 structis
1166 2431 1311 2495 nequae

168 2522 277 2605 prima
297 2522 330 2586 in
355 2519 491 2585 Atticam
515 2519 703 2606 irruptione)
728 2541 822 2602 qnam
845 2518 886 2584 ab
913 2519 1005 2584 initio
1032 2518 1153 2601 primae
1179 2517 1310 2582 aestatis

168 2633 351 2694 numeratos
379 2647 455 2692 ease.
507 2625 586 2690 Cum
617 2647 674 2710 per
701 2628 810 2691 decem
842 2646 941 2691 annor
973 2625 1210 2709 compluresque
1243 2623 1310 2689 dies

169 2735 284 2801 bellum
304 2735 400 2802 luisse
419 2734 505 2810 dicit,
527 2736 593 2818 ipse
611 2734 788 2798 numeravit
806 2753 826 2798 a
843 2732 982 2798 Plataeis
1000 2733 1169 2816 oppressis:
1193 2731 1311 2796 diserto

171 2849 273 2908 tamen
293 2841 499 2926 irruptionem
518 2841 604 2905 illam
618 2841 938 2906 Lacedaemoniorum
956 2845 993 2904 ut
1011 2839 1229 2924 gravissimum
1246 2837 1311 2904 fac-

170 2955 236 3014 tum
258 2951 353 3033 primi
376 2949 450 3014 anni
474 2952 709 3023 commemorat;
732 2968 795 3030 quo
820 2953 1061 3014 commemorato
1086 2947 1225 3032 quemvis
1248 2945 1311 3011 lec-

168 3061 269 3121 torem
288 3077 406 3122 annum
423 3055 546 3120 facilius
565 3057 765 3120 inventurum
782 3058 914 3139 putarit
942 3054 1030 3121 Licet
1049 3055 1147 3139 igitur
1165 3057 1312 3119 accurata

169 3164 294 3228 dicendi
318 3162 400 3229 ratio
424 3163 563 3240 nonsit,
587 3161 718 3228 ferenda
740 3167 855 3227 temen

258 3269 412 3347 Quoniam
431 3271 470 3335 de
489 3270 581 3335 initio
604 3267 679 3334 belli
699 3266 823 3334 diversa
841 3268 1033 3355 Thucydidis
1051 3269 1232 3342 testimmia
1248 3289 1310 3334 uon

170 3382 303 3453 exstant,
328 3379 389 3442 iam
408 3379 449 3442 ad
472 3377 548 3442 belli
566 3376 699 3443 confecti
722 3381 845 3460 tempus
868 3377 1096 3442 transcundum
1114 3383 1170 3444 est.
1208 3376 1311 3460 Atque

170 3485 302 3567 legimus
325 3484 403 3550 liaeo
422 3483 458 3562 V,
477 3484 534 3548 26:
557 3482 699 3568 γέγραφε
725 3481 760 3546 δὲ
784 3484 840 3548 καὶ
863 3490 969 3550 ταῦτα
988 3476 1007 3549 ὃ
1027 3475 1128 3561 αὐτὸς
1150 3483 1312 3549 θσυιιυδὶ-

171 3593 228 3678 (1ης
247 3642 253 3655 .
270 3644 277 3656 .
294 3643 300 3656 .
317 3643 335 3672 .,
359 3584 405 3668 ὡς
428 3587 550 3656 έκαστα
574 3584 715 3673 ἐγένετο,
739 3581 824 3656 κατὰ
843 3587 929 3678 θέρη
947 3591 1004 3656 καὶ
1025 3596 1198 3675 χειμῶνας,
1220 3584 1312 3675 μέχρι

171 3687 212 3763 οὗ
235 3693 296 3784 τήν
319 3721 354 3763 τε
384 3687 486 3784 ἀρχὴν
509 3695 724 3762 κατέπαυσαν
747 3704 819 3764 τῶν
842 3691 1029 3784 Ἀθηναίων
1053 3693 1313 3782 Λακεδαιμόνιοι

170 3807 225 3870 καὶ
250 3802 282 3870 ol
306 3801 466 3890 ξύμμαχοι
488 3805 544 3868 καὶ
570 3797 612 3868 τὰ
634 3797 745 3890 μακρὰ
772 3807 862 3891 τείχη
885 3805 941 3869 καὶ
968 3795 1029 3870 τὸν
1054 3805 1194 3890 Πειραιᾶ
1216 3800 1312 3868 κατέ-

170 3915 287 3990 λαβον·
308 3908 364 3998 ἔτη
384 3911 417 3976 δὲ
439 3910 472 3989 ἐς
489 3918 592 3977 τοῦτο
607 3903 648 3976 τὰ
669 3907 844 3996 ξύμπαντα
863 3901 994 3996 ἐγένετο
1009 3917 1058 3996 τῷ
1071 3906 1208 3996 αολὲμῲ
1229 3902 1312 3976 ἑπτὰ

171 4019 228 4082 καὶ
242 4017 355 4098 εἴκοσι,
370 4025 402 4084 et
420 4019 526 4104 paullo
546 4017 641 4083 infra:
662 4008 792 4104 εὑρήσει
805 4041 855 4096 τις
868 4023 1016 4084 τοσαῦτα
1030 4013 1087 4104 ἔτη
1101 4011 1313 4101 λογιζόμενος

171 4118 257 4190 κατὰ
272 4118 350 4203 τοὺς
367 4121 510 4212 χρόνους
528 4126 585 4190 καὶ
603 4116 725 4212 ἡμέρας
740 4118 781 4191 οὐ
799 4115 926 4201 πολλὰς
944 4118 1223 4210 παρευεγκούσας.
1252 4123 1314 4189 Per

227 4291 349 4298 q———a

262 4377 280 4439 ¹)
299 4377 331 4430 Ε.
350 4376 384 4430 Η.
405 4376 435 4430 0.
455 4375 575 4430 Mueller
603 4376 637 4431 de
665 4380 802 4444 tempore,
835 4389 888 4446 quo
921 4371 1024 4430 bellum
1052 4369 1313 4443 Peloponnesiacum

172 4462 281 4520 initium
301 4463 416 4538 ceperit.
454 4464 588 4536 Marbnrg
607 4463 684 4520 1852.
722 4481 747 4535 p.
767 4465 810 4518 34.
