3274 4938
292 1331 480 1413 ,,Γαλα’των
509 1327 528 1398 ὃ
557 1331 733 1418 ζωγράφος
761 1330 882 1419 ἔγραψε
912 1326 973 1399 τὸν
1000 1334 1062 1418 μὲν
1078 1325 1221 1420 Ὅμηρον
1245 1328 1350 1400 adron

203 1439 363 1525 ἐμοῦντα,
395 1433 475 1518 τοὺς
509 1433 692 1518 δ’,ἄλλους
718 1432 861 1527 ποιητὰς
888 1432 929 1505 τὰ
958 1438 1163 1527 ἐμημεσμὲνα
1191 1433 1349 1526 donnons*-

203 1552 304 1624 νους“
323 1546 472 1612 Aelianus
482 1548 508 1632 ¹)
527 1553 645 1613 narret
682 1547 791 1632 Imago
810 1546 992 1613 foedissima
1014 1551 1047 1612 et
1069 1547 1162 1612 nimis
1180 1547 1214 1612 in
1237 1547 1351 1614 falsum

202 1660 308 1729 aucta,
335 1673 527 1736 quamquam
554 1654 620 1719 veri
648 1653 769 1737 aliquid
797 1655 843 1718 rei
871 1653 987 1719 subest.
1036 1653 1118 1718 Nam
1146 1674 1185 1718 ex
1213 1653 1350 1720 Homero

202 1765 353 1844 tanquam
376 1781 394 1826 e
417 1758 505 1825 fonte
527 1761 658 1842 perenni
682 1781 789 1825 omnes
812 1759 879 1824 lere
901 1765 1016 1842 poetae
1034 1757 1149 1824 Granni
1167 1759 1349 1828 hauserunt.

130 1917 131 1920 η
202 1866 290 1944 Quae
316 1869 422 1945 „uzon
454 1861 567 1930 ἔειπεν
599 1857 714 1952 ἀνήρίῑ,
748 1887 829 1949 quae
856 1855 1011 1950 ,ξὈμηρος
1039 1857 1128 1931 ἄεισε
1156 1871 1279 1947 1661ςῆ
1313 1890 1351 1933 66

201 1971 347 2056 pulchra,
370 1993 409 2036 eu
430 1971 610 2038 imitatione
633 1973 729 2056 digna
752 1979 852 2050 erant,
876 1979 908 2037 et
931 1971 1042 2054 optimi
1064 1979 1177 2055 poetae
1201 1975 1231 2038 ei
1253 1974 1350 2039 hube-

202 2079 332 2155 bantur,
364 2079 419 2162 qui
451 2069 607 2164 ὃμηρικοί
640 2084 751 2144 essent
802 2078 868 2142 Nec
899 2076 1000 2142 solum
1033 2079 1192 2162 ingenium
1220 2079 1350 2144 Homeri

202 2190 318 2269 poetae
338 2184 451 2250 Graeei
479 2185 568 2267 sequi
596 2183 780 2261 studebant,
808 2185 864 2249 sed
892 2183 989 2249 etiam
1012 2205 1110 2268 genus
1133 2186 1200 2251 eius
1223 2186 1349 2252 dicendi

202 2292 282 2357 adeo
305 2293 346 2356 ad
369 2292 558 2356 imitandum
582 2290 644 2357 sibi
666 2289 894 2374 proponebant,
916 2296 953 2355 ut
976 2295 1009 2355 et
1026 2290 1215 2358 Boeotorum
1233 2298 1266 2357 et
1284 2313 1350 2358 nm-

201 2400 277 2463 nino
306 2400 412 2476 omnia
437 2398 623 2482 posterioris
650 2397 766 2464 aetatis
789 2396 930 2462 carmina
952 2397 1042 2480 epioe
1064 2397 1193 2464 Homeri
1217 2397 1351 2480 vestigia

202 2511 312 2572 secuta
339 2505 442 2589 sint.²)
488 2502 611 2599 Similia
633 2511 741 2570 autem
763 2504 803 2570 de
827 2525 864 2570 eo
887 2504 991 2587 poesis
1014 2525 1142 2588 genere,
1170 2504 1253 2590 quod
1276 2525 1350 2587 prn-
1386 2583 1391 2596 ,

203 2613 285 2676 xime
308 2611 430 2676 aceedit
453 2610 494 2676 ad
518 2631 642 2676 carmen
662 2610 833 2686 heroicum,
856 2611 896 2675 de
919 2610 1059 2694 elegiaca
1080 2611 1165 2694 poesi
1191 2610 1350 2693 (1161666-

202 2724 285 2783 sunt.
340 2718 427 2796 Quae
464 2737 535 2781 num
567 2716 600 2779 in
633 2716 761 2781 eisdem·
783 2715 850 2782 iere
881 2716 1077 2800 regionibus,
1113 2717 1228 2800 quibus
1261 2717 1351 2799 epioe

202 2825 305 2908 poesis
328 2822 463 2916 maxime
484 2820 634 2899 florebat,
657 2829 728 2888 orta
751 2829 846 2899 esset,
869 2829 902 2888 ot
924 2844 995 2888 eum
1018 2828 1154 2888 metrum
1176 2822 1350 2906 elegiacum

202 2929 243 2995 ab
280 2929 407 2994 heroion
445 2929 599 3012 originem
630 2930 829 3017 traxisset,³)
867 2936 976 3013 poetas
1009 2929 1164 3014 elegiacos
1196 2929 1351 2995 suadente

203 3038 272 3120 ipsa
299 3037 393 3100 metri
419 3035 608 3102 nenessitate
635 3036 727 3101 initio
756 3036 883 3120 quidem
906 3037 1015 3113 simili,
1042 3055 1082 3100 ne
1106 3035 1207 3101 dinam
1231 3035 1350 3112 eodem,

203 3141 328 3206 dinendi
356 3162 471 3225 genere
498 3147 595 3224 abnue
623 3142 796 3208 Homerum
822 3163 896 3208 usos
923 3163 990 3208 esse
1017 3163 1056 3206 ex
1081 3140 1195 3206 Canini
1223 3141 1350 3225 potissi-

202 3231 288 3312 mum
320 3254 352 3312 61
379 3247 507 3333 Tyrtaei
534 3247 676 3333 reliquiis
703 3249 847 3332 intellegi
874 3253 992 3332 potest,
1024 3269 1157 3332 quorum
1184 3248 1350 3331 utriusque

203 3354 306 3436 poesis
330 3359 399 3420 tnta
421 3354 487 3419 lere
509 3357 626 3437 pendet
648 3377 687 3420 ex
710 3353 887 3421 Homerica.
934 3355 1001 3420 Neo
1023 3357 1148 3430 mirum,
1172 3375 1245 3450 nam
1269 3375 1350 3439 quae

204 3481 300 3542 supra
322 3460 363 3525 de
379 3459 510 3526 Homeri
534 3461 711 3526 imitatione
735 3461 880 3538 diximus,
903 3462 970 3527 fero
994 3460 1034 3526 de
1053 3460 1139 3525 omni
1157 3459 1350 3526 Graecorum

204 3567 290 3650 poesi
318 3565 352 3630 iu
378 3566 559 3631 uuiversum
586 3565 649 3632 dini
671 3572 816 3649 possunt,
843 3573 940 3650 abnue
963 3568 1056 3650 longe
1078 3565 1191 3632 aberat
1212 3571 1250 3630 nt
1272 3567 1349 3651 „ipsi

204 3672 264 3736 sibi
302 3671 461 3755 exempla“
499 3678 603 3737 essent
638 3677 760 3756 poetae,
796 3673 905 3749 immo,
925 3694 1023 3758 -quae
1059 3672 1115 3737 alii
1151 3671 1282 3756 pulchre
1318 3678 1351 3738 et

204 3780 331 3862 egregie
358 3778 525 3852 dixissent,
553 3799 591 3844 ea
613 3800 671 3844 sua
693 3778 797 3844 faeere
819 3799 876 3844 nen
898 3781 1012 3862 poeta'e
1034 3778 1226 3844 dubitabant
1249 3799 1350 3863 neque

295 4007 394 4068 ι11161.
415 4024 438 4061 v.
459 4007 486 4060 h.
507 4006 644 4072 1111112.

294 4096 314 4158 ¹)
334 4095 384 4150 clr.
403 4093 541 4164 Zingerle,
560 4113 594 4151 zu
613 4101 742 4166 sptteren
762 4095 810 4150 lat.
830 4095 957 4151 dichtern
976 4114 1002 4166 p.
1023 4097 1065 4152 97.

294 4185 314 4248 ³)
333 4185 382 4239 cir.
402 4183 543 4240 Rossbach
567 4186 621 4240 und
641 4183 800 4253 Westphul,
824 4183 927 4252 grieoh.
952 4185 1054 4240 metrik
1073 4185 1120 4250 11³,
1144 4202 1170 4254 p.
1190 4187 1255 4239 351:
1284 4184 1351 4249 „des

206 4273 428 4329 uketulehtlsnhe
447 4274 625 4328 hexametros
646 4272 716 4327 wlrd
732 4273 782 4326 mit
798 4271 887 4328 eidem
902 4273 1156 4330 dikatulehtisnhen
1171 4273 1349 4327 hexametrnn

208 4362 372 4417 verbunden.
410 4362 450 4416 Zn
475 4361 528 4416 den
548 4361 648 4418 beiden
668 4360 910 4417 akatalektisnhen
930 4361 1069 4432 tripodien
1088 4360 1137 4416 des
1156 4361 1350 4416 hexametrum

207 4455 295 4505 treten
314 4449 434 4506 utmlich
453 4449 521 4506 zuei
540 4451 746 4510 katalektisohe
765 4450 904 4523 tripndlen
923 4450 965 4508 uls
984 4449 1097 4508 zueiter
1115 4463 1177 4506 vern
1196 4447 1305 4506 himu.“
