3310 4932
283 1301 366 1414 Duo
389 1368 510 1431 genera
536 1367 685 1414 versuum
709 1348 897 1413 iteratorum
927 1348 967 1413 ab
990 1348 1081 1413 initio
1104 1349 1333 1432 distinguenda

196 1457 289 1516 sunt:
321 1451 457 1516 alterurn
481 1471 605 1531 eornm,
632 1451 685 1534 qui
707 1472 747 1517 ex
769 1451 842 1535 ipsa
864 1451 935 1517 eius
961 1471 1098 1536 poeseos
1127 1459 1243 1518 natura
1272 1454 1332 1518 orti

196 1561 280 1636 sunt,
307 1553 361 1619 ubi
383 1555 542 1637 leguntur,
569 1554 657 1620 velut
685 1555 719 1620 in
749 1555 850 1640 epicis
880 1554 1075 1620 carminibus
1105 1555 1328 1639 popularibus;

143 1743 147 1752 ¹
195 1657 328 1723 alterum
353 1657 494 1724 continet
517 1677 582 1739 eos,
609 1658 661 1740 qui
686 1666 773 1724 certo
796 1657 930 1724 oonsilio
949 1663 1100 1740 certaque
1116 1665 1185 1723 arte
1200 1679 1221 1724 a
1236 1665 1333 1742 poeta

193 1761 302 1826 iterati
314 1767 399 1826 sunt:
415 1761 506 1826 cuius
518 1762 646 1844 generis
659 1782 780 1844 omnes,
795 1780 878 1844 qnae
889 1760 923 1825 in
932 1761 1055 1826 Horatii
1068 1761 1262 1826 carminibus
1275 1782 1333 1828 ex-

194 1871 290 1946 stant,
309 1864 495 1930 iterationes
512 1885 584 1930 esse
601 1864 826 1930 Lachmanuus
841 1865 876 1928 in
891 1863 1048 1948 Philolog.
1062 1865 1089 1946 I,
1108 1869 1168 1929 166
1184 1871 1329 1931 testatur.

280 1969 349 2032 Iam
377 1967 405 2033 si
428 1969 567 2034 Lucretii
596 1968 738 2034 carmina
766 1989 836 2034 cum
860 1966 962 2032 iliade
992 1968 1045 2033 vel
1069 1965 1217 2052 Odyssea
1247 1988 1333 2033 ccm-

194 2071 425 2156 paraverimus‚
452 2091 523 2136 curn
547 2092 587 2136 ea
609 2073 679 2136 scia
700 2070 880 2137 intercedat
903 2070 1088 2152 similitudo,
1116 2070 1200 2152 quod
1220 2071 1332 2138 eodem

195 2179 329 2256 utraque
352 2181 453 2238 metro
476 2173 653 2258 composita
683 2183 772 2254 sunt,
806 2193 846 2238 ne
876 2172 1063 2238 iterationes
1093 2172 1222 2255 quidem
1251 2175 1333 2240 tales

195 2276 282 2360 apud
304 2276 393 2341 iilum
408 2277 571 2342 inventum
589 2277 628 2341 iri
644 2276 912 2361 exspectabimus,
939 2277 1051 2359 qualos
1066 2275 1100 2339 in
1116 2276 1245 2342 Homeri
1261 2298 1333 2343 car—

195 2380 334 2446 minibus
357 2387 535 2460 occurrant,
562 2381 696 2446 sedeas
720 2383 824 2464 solas,
851 2401 934 2463 quae
962 2381 995 2444 in
1018 2379 1197 2446 hexametri
1220 2387 1334 2447 natura

195 2484 319 2569 positae
342 2483 416 2550 sint.
464 2485 546 2550 Nam
569 2485 654 2567 quod
677 2504 775 2570 saepe
797 2504 837 2549 ne
860 2483 946 2569 apud
970 2503 1085 2567 prosae
1108 2483 1236 2566 quidem
1260 2506 1334 2550 ora—

195 2587 290 2652 tionis
306 2587 477 2671 scriptores
493 2586 680 2670 diligcntius
692 2587 846 2652 evitatum
859 2587 1029 2668 cernimus,
1045 2594 1080 2650 ut
1092 2585 1249 2669 quasdam
1261 2608 1334 2652 ver-

194 2692 304 2756 borum
321 2691 558 2756 coniunctiones
573 2691 607 2756 in
622 2691 746 2756 deliciis
761 2691 912 2772 babeant,
930 2691 962 2754 id
974 2690 1079 2755 minus
1091 2688 1224 2755 offendit
1239 2691 1272 2755 in
1287 2692 1334 2757 eis

196 2795 370 2880 poematis,
405 2814 506 2876 quae,
540 2795 567 2859 si
597 2795 739 2861 eiusdem
763 2814 875 2861 versus
898 2794 1136 2860 continuatione
1159 2795 1335 2878 composita

196 2907 280 2980 sunt,
307 2899 341 2963 in
356 2897 461 2964 verbis
478 2897 640 2964 variandis
660 2905 776 2982 poetae
793 2918 928 2981 magnas
944 2897 1149 2962 difficultates
1165 2899 1330 2982 praebent.

195 3001 330 3069 Accedit
344 3022 546 3067 numerorum
571 3002 630 3082 vis,
650 3021 723 3084 qua,
749 3021 833 3083 quae
848 3001 919 3084 quis
935 3002 1035 3066 scrnel
1051 3001 1219 3084 expressit,
1238 3001 1335 3068 facile

195 3105 227 3170 in
246 3098 399 3170 memoria
414 3105 557 3185 haerent,
584 3105 630 3169 ita
653 3111 698 3182 ut,
725 3106 752 3170 si
774 3105 902 3187 quando
918 3105 1002 3169 iclom
1020 3104 1263 3187 exprimendum
1279 3106 1330 3187 sit,

195 3207 308 3273 eodem
334 3228 447 3274 versus
477 3208 545 3272 loco
576 3208 698 3273 eisdem
725 3207 831 3274 verbis
861 3213 979 3272 utatur.
1028 3206 1120 3272 Unde
1150 3207 1246 3274 etiam
1275 3227 1334 3274 eae

195 3310 382 3376 iterationes
405 3310 560 3395 originem
584 3310 759 3392 duxerunt,
792 3330 871 3394 quas
895 3311 928 3374 in
951 3309 1144 3376 Graecorum
1167 3317 1333 3394 poetarum

196 3415 388 3496 tragicorum
411 3414 563 3479 diverbiis
586 3435 648 3479 non
672 3433 792 3499 paucas
815 3414 963 3497 legimus.
1003 3416 1117 3496 Itaque
1139 3414 1172 3478 in
1194 3415 1333 3479 Lucretii

195 3516 389 3582 carminibus
413 3516 569 3583 eiusmodi
597 3517 714 3582 iterata
743 3517 823 3583 satis
851 3519 953 3582 multa
980 3517 1044 3601 legi
1074 3537 1137 3581 non
1168 3517 1331 3582 miramur.

195 3619 241 3685 Ac
264 3620 437 3705 praecipue
466 3621 591 3686 initium
614 3641 765 3686 versuum
795 3641 897 3703 usque
927 3621 969 3686 ad
1000 3641 1167 3686 caesuram
1197 3620 1333 3706 penthe-

195 3723 359 3790 mimcrcm
376 3731 408 3789 et
423 3724 569 3790 clausula
591 3724 743 3789 memoria
759 3730 916 3790 tenentur.
958 3725 1000 3790 Ut
1015 3724 1170 3790 nonnulla
1185 3725 1334 3808 exempla

196 3826 329 3892 afferam
340 3829 374 3911 ¹),
395 3827 510 3892 babes:
529 3828 629 3890 multo
644 3827 744 3891 modis
759 3827 865 3890 multis
881 3827 906 3908 1,
925 3832 999 3891 341.
1019 3828 1060 3907 ΙΙ,
1081 3830 1154 3890 654.
1172 3828 1227 3906 IV,
1248 3831 1329 3906 725;

195 3929 279 3993 illud
292 3930 325 3992 in
340 3929 390 3992 Iris
404 3933 495 3993 radus
511 3931 537 4012 I,
558 3932 610 3993 80.
626 3932 700 3993 370.
723 3933 815 3994 1052.
834 3929 876 4010 Il,
897 3932 969 3993 308.
988 3930 1047 4010 III,
1067 3932 1141 3994 370.
1160 3930 1214 4011 Vl,
1237 3933 1330 3994 1056.

197 4035 297 4113 12303
326 4033 430 4096 omnia
448 4041 606 4118 postremo
622 4033 664 4115 ΙΙ,
685 4036 759 4098 408.
787 4036 866 4114 456;
894 4033 926 4096 io
950 4041 1077 4096 cunctos
1100 4033 1237 4118 crudique
1254 4057 1335 4116 por-

198 4135 237 4198 tis
258 4137 292 4218 Ι,
329 4129 422 4202 1007.
454 4138 501 4220 ΙΙ,
529 4139 581 4201 93.
611 4140 683 4201 131.
709 4138 764 4218 lv,
793 4139 872 4216 725;
904 4139 990 4222 quod
1015 4135 1110 4200 irione
1139 4157 1282 4200 vocamus
1304 4137 1330 4218 Ι,

216 4313 217 4316 ’
266 4309 283 4374 ¹5
305 4323 401 4363 omncs
420 4310 497 4364 locos
517 4309 650 4376 colligere
668 4309 754 4364 nolui.
