3258 4928
334 427 396 489 κιο
768 459 812 469 -
859 425 943 506 [σοι]
991 458 1034 468 -

333 613 609 700 ανακεφαλαιοῦν
630 631 690 678 nec
713 611 889 696 Dionysius
911 610 993 676 dixit
1015 629 1120 693 neque
1142 628 1282 693 unquam
1298 610 1467 693 qnisquam

332 716 476 783 Graecus
503 716 606 782 homo.
655 714 781 781 Graeca
810 715 910 780 verba
939 720 1013 780 sunt
1041 707 1400 800 ἀνακεφαλαιοῦσθαι,
1434 719 1469 778 nt

331 841 364 905 p.
383 823 475 885 47010
504 812 851 904 ἀνακεφαλαιουμένῳ
879 816 931 900 (cf.
956 820 1034 883 496⁵
1064 813 1102 880 τὸ
1131 810 1469 903 ἀνακεφαλαιωτικὸν

331 929 397 990 τῶν
411 922 588 1010 ῥηθέντων
602 923 714 1007 μέρος)
741 928 774 988 et
787 921 1138 1007 συγκεφαλαιοῦσθαι,
1165 920 1207 986 ci.
1225 941 1258 1005 p.
1274 923 1365 986 esne
1388 941 1469 1004 συγ-

330 1023 620 1113 κεφαλαιώσομαι.
661 1027 738 1090 841³
755 1019 1120 1111 συγκεφαλαιούμενος.
1159 1024 1266 1090 Verba
1281 1043 1468 1109 συνεκεφα-

331 1131 430 1194 λαίου
451 1151 486 1194 τε
508 1129 571 1194 nisi
587 1128 716 1212 egregie
738 1126 834 1193 iallor
855 1147 897 1194 ex
919 1123 1377 1213 συγκεφαλαιούμενος
1398 1145 1468 1192 cor-

331 1241 425 1317 rupta
457 1239 542 1297 sunt.
589 1231 700 1297 Tollen
732 1229 831 1315 igitur
858 1231 989 1296 verbnm
1024 1230 1366 1317 συνανακεφαλαωῦν
1399 1229 1466 1297 scie

329 1336 461 1420 volgata
482 1331 578 1401 hnina
600 1334 662 1401 loci
685 1335 822 1400 lectione
842 1333 950 1400 nisum
971 1353 991 1402 e
1013 1333 1170 1419 Stephani
1192 1333 1369 1401 Thesauro.

416 1459 451 1523 p.
470 1440 575 1504 sesns
590 1432 679 1525 Ἤδη
703 1430 735 1502 δ’
754 1435 858 1522 ’έγωγε
888 1438 943 1502 καὶ
975 1435 1012 1502 έν
1040 1431 1160 1513 αύταῑς
1187 1435 1287 1516 έδοξα
1310 1447 1385 1512 ταῖς
1408 1435 1467 1522 ῥη-

330 1547 477 1627 τορείαις
499 1547 598 1607 τούτο
621 1544 869 1628 συμβεβηκέναι
891 1547 937 1626 τῶ
954 1534 1052 1625 ἀνδρὶ
1073 1539 1111 1606 τὸ
1132 1538 1260 1618 πάθος,
1287 1534 1371 1605 ὥστε
1387 1541 1466 1625 περὶ

330 1641 391 1732 τὴν
413 1638 518 1731 αὐτὴν
539 1637 714 1710 ὑπόθεσιν
734 1645 792 1708 καλ
816 1641 853 1709 έν
873 1650 920 1728 τῷ
940 1637 1031 1729 αύτῷ
1053 1650 1160 1729 καιρῷ
1181 1648 1319 1709 τιθέναι
1341 1644 1404 1726 μέν
1427 1641 1466 1720 ἃς

331 1742 391 1814 οάκ
413 1746 491 1830 έδει,
524 1748 735 1832 παραλιπεῖν
764 1747 800 1813 δέ
831 1745 871 1823 ἀς
894 1746 963 1814 ἔδει
991 1748 1165 1831 λέγεσθαι.
1213 1748 1349 1833 Propter
1370 1752 1466 1812 τιθέ-

330 1873 388 1918 ναι
409 1852 484 1935 lcgo
507 1851 809 1936 παραλείπειν.

414 1974 447 2038 p.
467 1956 544 2019 857³
576 1951 616 2018 Et
635 1947 668 2018 δ’
693 1951 785 2018 ἐστὶν
812 1946 909 2018 ὅσιόν
937 1975 997 2034 μοι
1024 1954 1081 2018 καί
1108 1951 1253 2035 θεμιτὸν
1284 1951 1410 2034 εἰπεῖν,
1445 1943 1491 2017 δ’

331 2063 463 2143 φρονῶ,
502 2055 594 2122 δοκεῖ
625 2080 684 2139 μοι
717 2054 898 2140 κράτιστον
930 2050 973 2122 ἀν
1005 2061 1169 2141 γενέσθαι
1201 2061 1398 2142 προοίμιον,
1436 2055 1466 2121 εί

330 2158 367 2226 τὸ
399 2161 592 2226 τελευταῖον
614 2154 719 2226 αὐτοῦ
746 2165 849 2245 μέρος
881 2165 920 2244 τῇ
954 2164 1124 2245 προθέσει
1152 2157 1370 2247 προσήρμοσε
1393 2161 1463 2224 κτλ.

330 2265 463 2349 Propter
478 2257 583 2330 αύτού
605 2263 728 2330 scribas
749 2260 829 2351 (τὸ)
850 2266 1044 2349 προοίμιον.
1091 2263 1290 2350 Thucydidis
1313 2263 1465 2330 historiae

329 2366 525 2452 prooemium
536 2374 597 2446 est,
615 2365 720 2450 deque
732 2386 770 2432 eo
781 2366 956 2452 Dionysius
972 2365 1117 2451 proximo
1133 2367 1239 2451 eapite
1253 2366 1356 2432 insius
1369 2365 1460 2431 dixit.

416 2491 445 2555 p.
467 2471 573 2535 8901ss
603 2474 703 2534 Μίαν
730 2468 767 2535 δέ
795 2467 928 2546 τούτοις
957 2467 1094 2546 ἐπιθεὶς
1123 2469 1286 2555 περίοδον
1314 2463 1465 2554 ἀγκύλως

329 2571 508 2659 εἰρημένην
529 2572 587 2636 καὶ
609 2571 759 2648 δυνατῶς
780 2569 865 2654 μετὰ
892 2578 953 2637 τοῦ
976 2578 1094 2658 σαφῶς
1119 2621 1126 2636 .
1148 2621 1154 2636 .
1177 2621 1183 2636 .
1209 2578 1365 2658 ποιητικῇ
1396 2569 1466 2635 πύ-

331 2678 384 2741 λιν
405 2673 654 2762 χρήσασθαι
676 2673 865 2762 μεταλήψει
879 2676 929 2740 M:
956 2673 1121 2762 ἐχρήσατο
1137 2677 1175 2740 R.
1215 2676 1370 2759 corrupta
1386 2677 1465 2739 Am-

330 2778 469 2844 brosiani
506 2779 601 2844 lectio
630 2776 828 2866 χρησασθαι
863 2785 898 2843 nt
925 2779 1079 2844 aoristum
1110 2775 1274 2866 ἐχρήσατο
1307 2799 1347 2844 ex
1381 2777 1463 2842 salsa

329 2881 438 2948 nescio
467 2881 557 2948 cuins
586 2882 769 2948 coniectura
795 2882 889 2966 volgo
919 2881 1063 2948 exhiberi
1093 2881 1243 2964 ostendit,
1276 2883 1322 2947 ita
1344 2881 1465 2946 Pen'si-

329 2985 455 3050 nnmA
484 2985 657 3068 genuinam
680 2985 814 3050 formam
845 3003 992 3051 servasse
1020 2985 1155 3064 evincit,
1188 3005 1324 3068 quocum
1352 2985 1460 3067 legas:

200 3109 203 3117 ’
330 3093 429 3153 Μίαν
457 3087 493 3153 δέ
523 3086 656 3164 τούτοις
694 3086 829 3164 ἐπιθεὶς
863 3087 1025 3172 περίοδον
1057 3139 1063 3150 .
1093 3138 1099 3151 .
1129 3139 1135 3150 .
1169 3093 1325 3174 ποιητικῇ
1358 3085 1466 3152 πάλιν

329 3189 536 3278 χρήσεται
568 3189 773 3278 percipite:
814 3191 855 3257 cf.
880 3211 912 3274 p.
933 3191 1009 3256 2185
1041 3189 1177 3266 ἐπιθεὶς
1206 3187 1270 3275 γὰρ
1296 3227 1340 3238 -
1366 3213 1465 3274 περι-

330 3299 465 3379 σκέπτῳ
488 3291 538 3359 ένὶ
560 3291 718 3380 χώρῳ-
741 3290 848 3360 πάλιν
871 3291 1049 3360 ἐποίσει.
1098 3295 1190 3359 563ιι
1212 3288 1330 3359 ἔπειθ’
1349 3287 1464 3380 ὥσπερ

330 3393 429 3466 ούδέν
456 3395 593 3484 εἰρηκὼς
622 3403 777 3464 τοιοῦτον
811 3390 959 3482 ἀθρόαις
993 3394 1217 3462 ἐπικλύσει
1251 3409 1325 3475 ταῖς
1358 3421 1463 3480 παρι-

329 3499 482 3568 σώσασιν.

415 3626 447 3690 p.
467 3606 588 3670 89010ss
614 3601 741 3668 Λίτίαν
763 3599 826 3688 γὰρ
843 3596 1037 3684 ἀποδιδούς,
1065 3597 1106 3669 δι’
1132 3602 1171 3691 ην
1192 3601 1271 3681 τοὺς
1293 3617 1467 3689 συγγενεῖς

329 3705 614 3794 ἀλλοτριωτέρους
636 3705 770 3791 ἔκρινον
791 3713 857 3772 τῶν
879 3707 999 3792 φίλων,
1027 3705 1233 3795 ἐπιτίθησιν,
1261 3701 1314 3774 ὅτι
1336 3706 1468 3791 τόλμαν

330 3808 592 3899 ἀπροφάσιστον
614 3813 830 3894 παρείχοντο.
877 3810 1050 3895 Postquam
1073 3831 1205 3878 causam
1234 3812 1374 3896 protulit,
1409 3831 1468 3879 cc-

328 3923 398 3982 tera
420 3913 525 3981 addit:
558 3913 699 3998 corrigas
723 3906 923 3990 ἀποδούς.

416 4040 449 4104 p.
469 4021 575 4083 892ιεε
597 4014 806 4102 Σκολιώτερα
829 4016 866 4082 δέ
888 4013 1018 4083 τούτων
1040 4015 1112 4082 ἐστὶ
1133 4018 1191 4081 καὶ
1213 4014 1336 4099 ἀμετά
1357 4023 1468 4083 ταῦτα

329 4127 486 4208 τίθησιν·
520 4114 591 4198 ,,Ἐν
613 4120 649 4186 δὲ
672 4127 719 4204 τῷ
741 4115 974 4204 παρατυχόντι
1001 4112 1018 4184 ὁ
1044 4115 1187 4206 φθάσας
1209 4123 1399 4206 θαρρῆσαι,
1435 4119 1469 4186 εί

329 4225 397 4291 ἰ’δοι
420 4221 605 4310 ἄφρακτον,
632 4217 728 4310 ἥδιον
750 4220 806 4288 διὰ
828 4219 889 4309 τὴν
911 4227 1028 4288 πίστιν
1051 4221 1244 4307 ἐτιμωρεῖτο
1268 4216 1287 4308 ἢ
1309 4215 1379 4286 ἀπὸ
1404 4231 1470 4290 τοῦ

330 4332 549 4414 προφανοῦς·
588 4327 645 4390 καὶ
674 4323 770 4392 τότε
801 4320 954 4412 ἀσφαλές
984 4323 1151 4410 ἐλογίζετο
1180 4327 1236 4390 καὶ
1265 4319 1318 4389 ὅτι
1347 4319 1468 4414 ἀπάτῃ
