3304 4922
384 377 424 438 aa
818 407 862 417 -
909 371 993 453 [ιιι]
1039 407 1084 418 -

382 559 545 646 praefixus
568 559 730 644 περὶτῶν
745 555 783 624 ἐν
796 559 953 642 μελέταις
968 558 1283 646 πλημμελοομέοων
1297 558 1466 642 Dionysii
1484 579 1547 623 nou

383 671 447 742 est;
486 663 513 732 si
536 683 599 730 non
628 663 757 744 titulus,
790 681 832 728 ne
860 670 968 728 cetera
996 663 1143 746 quidem;
1179 661 1208 727 si
1237 661 1409 727 decimum
1444 673 1547 746 caput

383 767 526 852 spurium
550 773 610 843 est,
635 765 838 832 undecimum
854 785 981 848 qnoque
995 767 1179 832 damnatur.
1222 764 1310 843 Quid
1333 765 1435 847 quod
1459 767 1547 831 alter

381 873 470 938 loeus
499 889 561 954 quc
588 868 629 935 de
651 867 808 954 Dionysio
835 874 965 935 auewre
994 868 1209 935 comecturam
1237 868 1388 944 fulciunt¹
1408 889 1494 954 cap.
1514 869 1545 933 X

381 973 434 1057 §9
456 968 664 1057 μακρότερος
686 963 705 1036 ὁ
727 971 809 1056 περὶ
830 968 1002 1058 μιμήσεως
1024 969 1124 1057 λόγος
1151 969 1191 1036 ὃν
1214 965 1346 1055 ἀλλαχῇ
1371 995 1545 1053 μεταχει-

381 1071 551 1160 ριούμεθα
574 1094 594 1140 a
616 1073 765 1159 Dionysii
787 1073 937 1156 loquendi
964 1092 1052 1140 more
1073 1093 1205 1159 prorsus
1226 1072 1410 1140 abhorret?
1451 1075 1543 1143 Sane

380 1175 679 1262 μεταχειρίζεσθαι
701 1175 789 1260 apnd
811 1195 884 1242 eum
907 1195 972 1242 non
994 1176 1071 1259 legi.

467 1281 574 1345 Pauca
596 1278 732 1363 apposui
747 1278 907 1363 exempla,
934 1278 1050 1361 quibus
1071 1276 1167 1344 sacile
1189 1277 1266 1344 addi
1284 1278 1356 1344 alia
1379 1281 1536 1364 possiem

381 1381 513 1448 sedvel
536 1401 577 1446 ex
598 1380 650 1446 his
673 1380 878 1446 manifestum
900 1381 1019 1448 factum
1041 1389 1118 1465 puto
1139 1381 1219 1447 artis
1241 1381 1341 1446 etiam
1367 1383 1537 1467 eapitaX

380 1493 412 1551 et
426 1485 475 1550 XI
497 1483 616 1550 iniuria
629 1482 785 1568 Dionysio
806 1483 972 1550 vindicata
992 1501 1077 1550 csse.
1123 1483 1310 1550 Reddamus
1332 1485 1446 1568 igitur
1469 1488 1537 1552 lta-

379 1587 441 1654 lico
462 1587 518 1652 illi·
528 1587 742 1652 coniecturam
764 1605 857 1653 snam
872 1595 970 1670 atque
993 1587 1166 1654 liberemus
1181 1587 1379 1672 Dionysium
1402 1589 1531 1669 libello,

380 1691 471 1758 eninr
493 1691 631 1775 pretium
652 1690 776 1756 nullum
799 1689 867 1757 scre
888 1709 961 1758 esse
984 1691 1081 1756 etiam
1103 1689 1251 1756 Blassius
1273 1691 1432 1774 protinus
1456 1713 1534 1758 eon·

379 1793 477 1861 cessit
498 1795 538 1878 (p.
559 1795 625 1875 28).
670 1793 704 1858 Is
722 1799 840 1876 autem,
865 1794 922 1878 qui
944 1793 985 1862 de
1007 1793 1185 1860 imitatione
1198 1799 1349 1860 acturum
1375 1814 1414 1863 se
1430 1797 1531 1881 polli-

378 1899 461 1964 citus
477 1904 537 1978 est,
562 1896 720 1980 siquidem
740 1896 897 1981 promisso
920 1897 1016 1980 stetit,
1043 1896 1155 1966 eodem
1178 1896 1272 1964 modo
1296 1897 1339 1964 de
1356 1919 1401 1965 ea
1418 1900 1531 1984 egisse

378 2001 542 2085 putandus
564 2007 623 2080 est,
652 2020 715 2084 quo
739 1999 799 2078 „de
822 1999 995 2068 meditatae
1017 2000 1171 2068 orationis
1193 2001 1302 2068 vitiis“
1327 2001 1526 2088 disputarit.

910 2153 981 2239 §a

761 2273 804 2329 lle
822 2273 926 2329 codice
943 2271 1130 2328 Florentino.

464 2378 573 2445 Codex
588 2377 792 2444 Florentinus
814 2385 865 2445 est
886 2377 1122 2446 Laurentianus
1145 2377 1226 2462 plut.
1245 2375 1323 2442 LIX
1344 2382 1396 2457 15,
1424 2399 1528 2444 mern-

377 2482 564 2562 branaceus,
590 2480 624 2546 in
648 2487 770 2563 quarto,
797 2499 881 2546 saec.
900 2480 964 2546 XII
986 2481 1068 2548 bene
1091 2480 1240 2565 scriptus.
1280 2481 1402 2546 Insunt
1420 2480 1522 2548 baec:

379 2589 408 2648 1.
433 2582 582 2670 Dionysii
600 2582 900 2650 Halicarnassensis
922 2583 962 2649 de
978 2582 1206 2668 compositione
1227 2581 1404 2648 verborum
1428 2583 1522 2662 liber,

378 2689 407 2750 2.
434 2685 577 2755 eiusdem
593 2684 635 2752 de
649 2684 790 2770 antiquis
806 2685 985 2752 oratoribus
1007 2704 1084 2771 pars
1106 2684 1203 2770 prior,
1237 2687 1268 2750 3.
1295 2683 1448 2750 eiusdem
1466 2687 1525 2750 Di-

375 2788 525 2870 naucbus,
563 2793 596 2852 4.
621 2787 807 2855 Philostrati
821 2789 908 2854 uitae
931 2787 1163 2874 sophistarum
1194 2787 1268 2853 libri
1291 2787 1432 2853 alterins
1448 2787 1523 2854 liuis

375 2891 586 2972 desideratur,
628 2897 660 2956 5.
686 2891 863 2958 callistrati
886 2891 1070 2976 euphrases,
1115 2895 1145 2956 6.
1170 2890 1323 2957 Aristidis
1352 2891 1521 2958 orationes

374 2994 526 3078 quinque.
568 2993 695 3080 Scripta
710 2995 869 3080 Dionysii,
894 2995 1072 3078 dequibus
1093 2993 1186 3061 nobis
1206 2993 1371 3077 agendum
1388 3003 1452 3076 est,
1480 2995 1521 3061 de

374 3097 516 3181 antiquis
534 3097 712 3164 oratoribus
734 3116 810 3182 pars
831 3097 918 3183 prior
939 3105 973 3164 et
994 3097 1035 3163 de
1049 3096 1210 3163 Dinarcho
1233 3097 1375 3175 libellus,
1402 3097 1521 3182 legun-

373 3207 425 3266 tur
447 3199 702 3268 induantur
723 3206 835 3268 uersi
854 3201 1018 3284 usquead
1038 3200 1093 3266 fol.
1112 3205 1187 3265 llllv
1210 3219 1295 3266 vers.
1314 3201 1468 3266 ultimum
1481 3207 1516 3266 ¹3.

374 3303 484 3370 Codex
505 3303 539 3368 in
561 3303 709 3388 Dionysii
732 3303 859 3388 seriptis
882 3303 962 3369 duas
991 3304 1081 3369 labes
1103 3302 1272 3370 contraxit.
1319 3303 1409 3370 Nam
1435 3304 1519 3370 inter

374 3405 615 3489 quaternionem
631 3406 776 3489 quintum
791 3414 823 3473 et
841 3413 977 3486 sextum,
1003 3407 1058 3490 qni
1072 3405 1168 3474 hodie
1183 3411 1322 3487 exstant,
1345 3407 1518 3490 quaternio

373 3510 448 3576 clim
471 3517 582 3575 sextus
604 3508 778 3592 intercidit,
811 3529 874 3594 quo
895 3507 970 3575 libri
991 3508 1032 3576 de
1055 3530 1082 3576 ο.
1102 3531 1133 3576 v.
1159 3528 1235 3594 pers
1257 3508 1418 3593 posterior
1441 3509 1518 3576 inde

373 3612 524 3680 acerbis
553 3616 749 3699 μυστηρίοις
778 3611 842 3694 μὲν
872 3599 932 3678 οὖν
956 3633 989 3697 p.
1014 3615 1088 3678 194⁵
1112 3618 1144 3680 et
1166 3610 1271 3695 operis
1300 3609 1342 3676 de
1372 3612 1518 3695 antiquis

372 3715 549 3783 oratoribus
574 3715 728 3799 prooemii
757 3733 833 3800 pars
854 3713 956 3780 maior
978 3733 1079 3797 usque
1101 3713 1145 3780 ad
1168 3709 1257 3778 ἐάσω
1280 3712 1358 3777 incl.
1384 3733 1418 3798 p.
1438 3720 1517 3778 ⁴512

372 3817 546 3902 perierunt.
585 3817 731 3883 Alterum
746 3815 899 3882 damnum
920 3823 954 3883 et
976 3815 1061 3900 quod
1083 3814 1224 3900 reparari
1246 3821 1388 3898 nequeat
1410 3815 1518 3882 codex

372 3920 405 3985 in
428 3918 591 3986 Dinarcho
612 3938 728 4005 passus
750 3927 809 4000 est,
844 3940 916 3986 cum
938 3919 972 3985 in
995 3919 1099 3986 medio
1122 3918 1296 3996 enuntiato,
1324 3917 1421 3984 sicuti
1445 3919 1519 3986 edi-

372 4023 476 4090 tiones
498 4029 686 4104 monstrant,
712 4044 744 4108 p.
764 4025 840 4090 668³
862 4021 969 4088 uerbis
992 4015 1048 4088 ὅτε
1071 4022 1127 4087 καὶ
1150 4021 1260 4088 folium
1283 4020 1460 4088 desineret.

458 4126 616 4193 Prooemii
637 4146 714 4212 pars
736 4145 821 4209 qnae
843 4131 990 4211 superest
1011 4124 1123 4192 decem
1138 4124 1286 4190 versibus
1301 4125 1522 4210 comprehen-

442 4280 459 4342 1)
480 4275 516 4332 cl.
531 4277 684 4335 Usenernrn
702 4279 730 4334 in
748 4271 842 4334 annal.
856 4278 953 4350 philol.
972 4279 1036 4331 1873
1055 4293 1082 4345 p.
1099 4279 1157 4330 tto.
