3274 4938
788 397 1007 460 ..42-

327 597 354 637 v.
377 575 440 640 105
459 597 502 658 sq.
524 565 651 650 δειλοὺς
670 560 708 635 εὖ
726 569 860 656 έρύὀντι
878 569 1083 657 μοιτοιοτάτη
1100 568 1194 658 χάρις
1214 571 1305 638 έστέν

522 677 597 745 ἶσον
615 681 672 744 καὶ
691 678 840 763 σπείρειν
858 674 989 743 πόντον
1009 670 1089 755 ἁλὸς
1107 683 1234 764 πολιῆς.

327 786 383 851 csr.
407 786 620 870 Pseudophoo.
647 786 709 849 152
736 775 780 870 μὴ
803 777 911 850 κακὸν
935 772 973 866 εὖ
997 780 1102 869 ἔρξῃς·
1134 787 1282 870 σπείρειν
1306 784 1381 850 ἰ’σον
1405 775 1473 848 ἔστ’

797 888 848 955 ένὶ
865 885 1028 975 πόντοι)
1123 953 1126 958 ,

794 1037 1005 1044 .-—-—-—--·---

328 1127 353 1168 v.
376 1106 437 1170 189
456 1102 605 1191 χρήματα
624 1097 838 1189 γὰρτιμιῦσιι
860 1093 864 1100 ’

328 1214 382 1304 cfr.
402 1213 467 1275 Alc.
487 1213 530 1276 50
546 1204 683 1297 χρήματ’
703 1205 787 1296 cinric
1100 1265 1104 1276 .

347 1318 446 1382 tHes.
462 1339 525 1398 erg.
541 1319 604 1381 006
623 1313 772 1401 χρήματα
791 1309 852 1400 γὰρ
873 1308 961 1401 ψυχὴ
980 1314 1117 1380 πέλεται
1137 1317 1273 1382 δειλοῖσι
1288 1324 1468 1402 βροτοῖσιν.

418 1494 495 1558 Cum
515 1495 644 1559 Homeri
663 1493 854 1558 carminibus
874 1515 988 1577 magna
1006 1495 1097 1578 copia
1115 1515 1300 1576 gnomarum
1319 1495 1383 1559 sive
1402 1514 1472 1559 sen-

328 1600 501 1664 tentiarum
529 1600 742 1676 contineatur,
774 1599 843 1664 fieri
871 1621 933 1664 non
961 1602 1078 1684 potuit,
1106 1621 1176 1664 cum
1204 1599 1282 1664 hacc
1308 1600 1412 1681 poesis
1441 1602 1473 1663 in

328 1708 480 1770 memoria
511 1712 543 1770 et
575 1727 628 1770 ore
661 1706 821 1770 hominum
855 1713 1046 1783 versaretur,
1079 1707 1155 1790 quin
1187 1705 1241 1770 alii
1274 1713 1387 1788 poetae
1420 1727 1472 1770 eas

240 1833 246 1842 ·
329 1811 564 1898 1·espicerent.²)
611 1812 659 1875 Ex
691 1812 751 1876 hoc
783 1812 940 1877 communi
972 1812 1111 1876 omnium
1143 1811 1231 1876 fonte
1258 1811 1472 1893 Theognidem

163 1939 168 1952 ·
227 1957 231 1966 -
328 1938 452 2002 quoque
474 1917 616 1981 hausisse
639 1919 782 2001 exempla
805 1941 841 1983 ca
863 1918 1014 2001 probant,
1038 1939 1118 2002 quae
1137 1939 1233 2000 supra
1251 1919 1471 1999 congessimus.

328 2023 437 2106 Neque
470 2024 573 2088 minus
600 2031 732 2107 apparet
759 2025 791 2091 in
820 2025 932 2090 ethicis
960 2026 1136 2108 praeceptis
1165 2023 1296 2088 Hesiodi
1324 2024 1473 2099 carmina,

328 2130 497 2213 praecipue
520 2151 616 2212 opera
639 2138 671 2195 et
694 2132 761 2196 dies
783 2133 888 2196 animo
912 2133 979 2196 eius
1003 2131 1170 2196 obversata
1193 2151 1269 2206 esse,
1293 2151 1362 2194 cum
1382 2152 1473 2212 prac-

289 2320 291 2326 ἲ
328 2237 437 2301 sertim
473 2256 588 2318 magna
619 2258 693 2319 pars
725 2237 819 2301 huius
852 2237 998 2302 carminis
1031 2237 1271 2320 „antiquissime
1303 2241 1474 2318 praecepta

327 2343 485 2426 practicae
519 2341 711 2408 Graecorum
747 2343 983 2426 philosophiae“
1020 2343 1222 2429 contineati)
1277 2343 1473 2426 Quamquam

328 2450 425 2513 etiam
457 2449 490 2513 in
521 2448 591 2513 aliis
623 2449 718 2514 rebus
745 2449 903 2532 Theognis
931 2449 1061 2514 Hesiodi
1093 2451 1315 2515 auctoritatem
1348 2431 1474 2514 videtur

328 2559 454 2619 secutus
481 2575 562 2618 esse:
595 2555 751 2621 Hesiodus
779 2556 862 2619 enim
886 2557 919 2618 in
942 2555 1053 2620 ethicis
1077 2557 1274 2639 potissimum
1297 2555 1474 2638 praeceptis

329 2681 421 2743 saepe
444 2681 500 2743 per
522 2661 736 2745 apostrophen
758 2663 799 2727 ed
822 2662 951 2726 Persem
974 2663 1105 2726 fratrem
1128 2685 1161 2726 sc
1184 2663 1347 2728 convertit
1384 2661 1474 2725 Idem

328 2766 485 2849 Theognis
508 2767 597 2844 facit,
620 2790 691 2832 cnm
709 2767 846 2852 Cyrnum
869 2761 962 2851 s'aepe
985 2768 1104 2834 eisdem
1127 2769 1192 2834 fere
1212 2768 1315 2834 verbis
1334 2767 1474 2850 appellet

329 2872 443 2954 quibus
462 2873 619 2939 Hesiodus
638 2875 780 2939 Persem:

329 2979 466 3061 Theogn.
489 2980 573 3044 1050
592 2973 633 3044 ori
653 2973 682 3044 δ’
702 2980 738 3044 έν
758 2987 858 3065 θυμῷ
877 2983 934 3045 καὶ
953 2984 1051 3065 opici
1069 2989 1175 3045 ταῦτα
1193 2975 1303 3060 βάλευ.

329 3083 383 3149 cfr.
403 3086 475 3151 Hes.
496 3107 558 3168 erg.
581 3087 641 3152 107
664 3079 704 3151 οὐ
723 3079 754 3151 δ’
774 3085 821 3150 ε’νὶ
842 3090 938 3172 φρεσὶ
958 3084 1079 3166 βάλλεο
1101 3095 1204 3170 σῇσιν.

328 3191 466 3276 Theogn.
485 3193 527 3256 27
549 3194 602 3258 σοὶ
621 3187 651 3258 δ’
671 3185 735 3276 r'yoi
755 3181 792 3257 eri
811 3177 967 3278 φρονέων
987 3187 1218 3279 ὑποθήσομαι·

329 3297 383 3362 cfr.
403 3298 476 3363 Hes.
495 3320 559 3382 erg.
579 3300 643 3364 286
664 3301 718 3364 σοὶ
737 3293 767 3364 d'
786 3292 851 3384 ἐγώ
871 3292 976 3364 ἐσθλὰ
996 3299 1105 3364 νοέων
1125 3298 1220 3384 ἐρέω·

329 3403 466 3487 Tbeogn.
487 3403 550 3467 755
571 3399 756 3470 stercorat
776 3405 886 3470 ἐπέων
904 3405 1121 3491 μεμνημένος’

328 3509 618 3592 cfr.Hes.e1·g.298
639 3504 722 3576 ἀλλὰ
742 3509 782 3577 σύ
798 3506 828 3596 γ’
841 3505 999 3599 ἡμετέρης
1012 3512 1218 3598 μεμνημένος
1233 3511 1304 3574 αἰὲν
1319 3509 1470 3592 έφετμῐς.

419 3706 438 3754 ¹»
465 3705 551 3759 Recte
575 3706 609 3759 od
634 3708 705 3759 hunc
730 3723 836 3760 versum
861 3707 952 3773 Bergk
976 3707 1020 3758 I'L
1046 3723 1070 3773 p.
1095 3705 1158 3759 rto:
1192 3711 1331 3768 „ceterum
1354 3704 1473 3758 fortasse

328 3791 491 3860 antiquioris
511 3801 553 3846 cst
572 3800 697 3862 poetae.“

418 3881 437 3941 ²)
466 3880 514 3935 cfr.
543 3883 647 3950 Bergk,
676 3882 779 3950 griech.
808 3882 1097 3950 literaturgeschichte
1125 3884 1150 3948 1,
1179 3899 1205 3950 p.
1234 3883 1298 3934 833:
1336 3881 1471 3946 „Homers

327 3986 452 4037 gnomen,
472 3971 523 4024 wie
542 3970 582 4026 sie
601 3971 648 4026 des
667 3971 859 4040 griechischen
880 3972 973 4024 volkes
993 3972 1100 4025 stimme
1115 3969 1310 4038 cumprimum,
1331 3969 1469 4024 erfrenten

327 4059 385 4112 sich
415 4059 595 4128 allgemeiner
622 4059 747 4128 geltung,
776 4059 817 4114 sie
845 4075 936 4113 waren
965 4059 993 4112 in
1012 4059 1190 4127 jedermanns
1214 4058 1327 4124 munde,
1356 4059 1468 4112 werden

328 4147 434 4201 fiberatl
467 4147 659 4215 angerendet‚
692 4150 762 4201 auch
796 4147 867 4202 wohl
900 4147 997 4202 variirt
1026 4147 1079 4200 und
1108 4147 1277 4214 ehgettndcrt
1306 4140 1472 4202 oder'nach

329 4235 456 4290 belieben
476 4237 634 4303 gedeutet.“

417 4325 437 4386 ¹¹)
457 4326 505 4378 cfr.
521 4325 605 4380 etiam
622 4325 747 4388 Fietkan‚
768 4325 801 4378 de
821 4325 971 4378 carminum
989 4325 1184 4379 Hcsiodeorum
1204 4329 1287 4392 etque
1307 4325 1469 4396 hymnorum

328 4421 457 4483 quattuor
476 4429 633 4483 magnorum
654 4413 793 4468 vocabulis
812 4429 866 4468 non
885 4405 1047 4479 Homericis,
1068 4432 1085 4484 p
1114 4417 1156 4468 20.
