3258 4928
526 435 568 446 -
617 399 701 482 μοι]
748 435 792 446 -

620 637 692 702 VII.

330 775 370 826 In
387 775 558 836 epistulam
576 775 617 828 ad
635 777 820 828 Ammaeum
837 776 985 838 priorem.

124 913 174 976 P.
199 912 337 977 7320ss
357 904 394 977 Ὁ
416 910 479 993 μὲν
501 899 563 977 σύν
577 909 809 1000 Ἀριστοτέλης
830 905 917 995 ὑπὲρ
941 909 1064 978 ἑαυτοῦ
1078 917 1226 1001 γέγραφε

81 1011 343 1100 ρτυρόμενος
370 1011 567 1102 διαρρήδην,
604 1009 657 1080 ότι
687 1013 747 1093 τὰς
776 1013 953 1102 ῥητορικὰς
981 1019 1101 1098 τέχνας
1130 1023 1254 1083 συνε-“

81 1120 182 1196 ξατο
221 1115 473 1203 πρεσβύτερος
501 1111 547 1184 ὢν
576 1113 637 1206 7ήδη
667 1119 725 1184 καὶ
754 1117 814 1196 τὰς
844 1123 1025 1207 κρατίστας
1053 1119 1227 1201 συντάξεις

80 1218 360 1298 ιοεκδεδωκώς.
385 1214 481 1288 ταῦτ’
500 1219 593 1288 ἐστίν
615 1220 652 1302 ἐξ
673 1213 719 1289 ὧν
742 1220 759 1288 ὃ
776 1221 986 1311 προειλόμην
1001 1231 1143 1311 ποιήσαι
1158 1248 1226 1312 φα-

81 1319 185 1409 ρὸν.
213 1372 257 1387 ..
291 1321 418 1400 ἱκανῶς
441 1317 689 1405 ἀποδεδεῖχθαι
710 1325 848 1409 νομίζω.
889 1326 1090 1394 Praecedunt
1112 1327 1162 1393 his
1184 1348 1226 1394 ex

80 1427 259 1494 ristotelis
295 1427 378 1493 artis
408 1426 585 1494 rhetoricae
612 1428 781 1514 desumpta
803 1431 825 1495 l.
850 1430 902 1494 12
930 1427 1223 1515 p.13515·³⁵-b20.

80 1530 147 1596 atis
173 1529 353 1615 languido
383 1531 476 1598 modo
498 1533 597 1598 verba
625 1525 642 1596 ό
666 1533 729 1616 μὲν
752 1522 813 1600 σύν
838 1583 845 1597 .
868 1584 873 1596 .
895 1583 902 1598 .
928 1538 1075 1621 γέγραφε
1106 1534 1226 1602 adnec-

80 1641 187 1712 mur,
219 1654 303 1700 oum
328 1654 435 1718 neque
457 1655 576 1714 eorum,
603 1656 684 1720 quae
707 1643 960 1720 antecesserunt,
987 1638 1068 1704 ratio
1083 1637 1150 1703 ulla
1164 1638 1226 1704 ha-

80 1745 196 1820 eatm,
226 1743 264 1803 et
287 1738 425 1804 verbum
441 1741 589 1826 γέγραφε
604 1739 728 1832 οοίεσλο
745 1740 829 1806 male
845 1747 964 1808 eareat.
1011 1743 1059 1808 Ασ
1081 1761 1122 1808 σε
1143 1742 1226 1809 alte·

80 1863 138 1907 um
164 1840 310 1925 quidem
335 1841 535 1907 enuntiatum
565 1836 663 1908 ταῦτ’
690 1839 782 1909 ἐστίν
802 1844 873 1908 κτλ.
906 1845 988 1910 bene
1018 1865 1090 1910 cum
1119 1844 1226 1930 priore

80 1945 304 2028 zoniungitur²
333 1965 405 2012 eum
428 1952 534 2010 ταῦτα
556 1945 599 2011 εδ
614 1946 795 2012 Aristotelis
810 1948 910 2014 verba
924 1946 1051 2014 rediens
1067 1969 1117 2029 σε,
1142 1967 1227 2032 quae

80 2046 273 2132 nterposita
297 2054 373 2112 sunt
399 2041 427 2131 (ό
443 2049 506 2130 μὲν
522 2036 583 2114 οὖν
597 2085 638 2096 -
655 2047 940 2133 προεκδεδωκώς),
967 2070 1096 2136 prorsus
1112 2051 1226 2136 negle-

80 2157 140 2233 gat.
183 2148 280 2227 Quas
302 2149 508 2217 difficultates
523 2150 687 2217 lenissimo
703 2151 796 2219 modo
811 2152 858 2218 ita
872 2153 983 2219 tollere
1002 2152 1081 2219 mihi
1096 2152 1221 2220 videor:

79 2252 113 2318 Ἀ
139 2252 204 2335 μὲν
227 2241 292 2318 σύν
306 2245 538 2339 Ἀριστοτέλης
560 2247 647 2338 ὑπὲρ
670 2252 792 2320 ἑαυτοῦ
806 2259 955 2342 γέγραφε
970 2252 1225 2342 μαρτυρόμενος

80 2352 270 2444 διαρρήδην
300 2348 353 2420 ότι
378 2405 385 2420 .
408 2404 443 2419 ..
477 2353 681 2436 συνετάξατο
813 2355 1088 2443 προεκδεδωκὼς,
1124 2352 1221 2424 ταῦτ’

84 2459 194 2526 ἐστίν·
236 2456 273 2539 ἐξ
302 2449 349 2524 ὧν
378 2455 395 2522 ὃ
426 2457 635 2548 προειλόμην
664 2467 807 2548 ποιήσαι
836 2457 988 2548 φανερὸν
1012 2511 1019 2524 .
1041 2510 1076 2524 ..
1103 2460 1224 2539 ἱκανῶς

88 2557 336 2645 ἀποδεδεῖχθαι
357 2561 495 2644 νομίζω.

610 2769 700 2834 vm.
775 2753 782 2771 ⁴

373 2908 412 2959 In
430 2908 599 2970 epistulam
617 2907 658 2962 ad
676 2911 732 2962 cn.
745 2909 939 2972 Pompeium.

183 3045 218 3110 P.
237 3045 336 3108 Ἰόλεω
359 3047 586 3130 Χαρακτήρας
609 3040 711 3128 λόγου
736 3042 966 3128 προελόμενος
996 3057 1138 3112 σκοπεῖν
1166 3047 1224 3112 καὶ

108 3147 179 3224 τοὺς
207 3141 435 3230 πρωτεύοντας
465 3143 502 3212 ἐν
534 3140 650 3223 αύτοῑς
683 3145 896 3235 φιλοσόφους
925 3173 961 3214 τε
992 3150 1049 3215 καί
1079 3146 1223 3237 ῥήτορας

112 3249 271 3332 ἐξετάζειν.

190 3371 349 3456 Dionysius
371 3369 451 3438 dicit
472 3378 528 3436 aut
551 3368 583 3436 ολ
606 3367 681 3436 τότε
704 3367 935 3456 πρωτεύοντες
951 3378 1007 3439 aut
1022 3368 1054 3436 σί
1069 3368 1223 3456 πρωτεύ-

118 3497 231 3557 σαντες,
253 3473 329 3540 unde
351 3473 425 3559 lego
439 3469 518 3551 τοὺς
540 3470 876 3559 πρωτεύσαντας
899 3471 936 3540 ἐν
950 3467 1066 3549 αύτοῑς
1081 3469 1223 3559 φιλοσό-

121 3601 195 3665 (μους
215 3601 245 3642 τε
265 3577 315 3642 καὶ
339 3573 495 3663 ῥήτορας.
542 3576 593 3644 Os.
619 3596 651 3661 p.
672 3579 749 3642 783⁸
779 3577 920 3653 πολλοῖς
950 3569 984 3641 δ’
1010 3575 1059 3653 είς
1088 3569 1223 3658 ὁμιλίαν

124 3676 218 3747 ίλδὼν
238 3673 365 3764 ἀνδράσι
387 3691 458 3756 τοῖς
480 3675 555 3744 τότε
579 3676 856 3765 πρωτεύουσι-
879 3701 912 3766 p.
932 3683 987 3745 54⁶
1013 3677 1045 3744 οἱ
1067 3679 1104 3746 δὲ
1127 3702 1223 3764 πρω-

124 3781 274 3858 τεύσαντες
294 3779 325 3847 ἐν
347 3779 493 3868 ἑκατέρῳ
517 3805 552 3848 τε
575 3783 632 3847 καί
655 3780 692 3849 ἐν
715 3776 936 3870 άμῳοτέροις,
963 3783 1087 3848 πολλοί
1107 3805 1143 3849 τε
1165 3784 1222 3848 καί

128 3882 234 3972 άγαδολ
252 3878 367 3970 άνδρες.
410 3889 484 3950 1452
508 3891 574 3952 τῶν
596 3882 865 3970 πρωτευσάντων
881 3883 917 3952 ἐν
933 3879 1051 3963 αύταῑς
1066 3890 1223 3974 μνησθή-

129 4016 186 4058 ναι.
226 3992 299 4055 Ῑλλιι
318 3985 394 4065 τοὺς
417 3987 454 4055 ἐν
475 3982 558 4074 αὐτῇ
586 3987 848 4074 πρωτεύσαντας
878 3989 1219 4078 καταριθμήσασθαι.

132 4099 207 4160 75312
233 4089 388 4178 κράτιστος
417 4089 557 4158 πάντων
585 4099 651 4158 τῶν
680 4089 950 4177 πρωτευσάντων
977 4093 1059 4176 περὶ
1086 4089 1218 4178 λόγους.

134 4201 195 4264 941ι
215 4194 240 4260 οἱ
258 4192 498 4282 πρωτεύσαντες
520 4201 585 4261 τιῖιν
607 4193 683 4261 τότε
706 4193 869 4283 ῥητόρων.
916 4197 1008 4261 958ω
1037 4189 1157 4280 ἄνδρες
1189 4195 1221 4262 ολ

137 4296 342 4384 πρωτεύσαντες
375 4297 411 4366 ἐν
444 4292 571 4375 αότοῑς.
625 4302 702 4366 9834
733 4297 943 4385 Θουκυδίδην
975 4295 1035 4364 τὸν
1065 4297 1102 4365 ἐν
1131 4293 1222 4386 αὐτῷ
