3304 4928
413 841 610 925 Comparatis
633 841 732 924 igitur
755 820 882 906 scholiis
904 838 1053 906 Suidanis
1076 861 1147 906 oum
1169 846 1302 923 utroque
1326 843 1470 907 codicum

325 971 438 1033 genere
462 949 550 1033 (R-
560 947 633 1022 VO)
666 955 699 1014 ot
731 948 862 1032 prolatis
893 946 1030 1032 propriis
1062 947 1178 1014 Suidae
1209 947 1470 1014 adnotationibus

324 1057 383 1122 hoc
402 1057 604 1122 statrrendum
624 1063 684 1122 ost:
708 1056 901 1121 secernenda
919 1077 985 1120 esse
1004 1053 1124 1120 scholia
1142 1053 1283 1121 Suidana
1305 1077 1343 1120 ex
1361 1056 1469 1121 codiee

200 1227 203 1246 ,
324 1164 430 1246 aliquo
445 1163 490 1227 Xl
509 1163 688 1228 fabularum
703 1162 1005 1245 Aristophanearum
1025 1163 1183 1246 descripta
1201 1163 1241 1227 ab
1261 1169 1394 1246 utroque
1413 1163 1468 1228 illo

324 1272 466 1338 codicum
492 1291 607 1355 genero
634 1277 667 1336 et
694 1270 927 1354 singularem
953 1276 1191 1353 repraesentare
1216 1271 1360 1346 classem,
1387 1291 1468 1354 quae

324 1380 384 1444 etsi
409 1379 597 1444 aduentioiis
620 1384 653 1443 et
675 1375 903 1443 recentioribus
926 1377 1183 1443 adnotationibus
1206 1378 1350 1443 similiter
1372 1385 1469 1460 atque

325 1487 446 1551 codices
477 1484 534 1549 Vc
557 1491 650 1550 aneta
677 1489 709 1550 et
736 1485 901 1568 inquinata
928 1490 989 1562 est,
1017 1490 1123 1550 tamen
1151 1485 1363 1568 compluribus
1390 1485 1469 1550 locis

324 1594 528 1677 integriorem
560 1591 669 1658 scholii
699 1591 831 1658 formam
859 1614 930 1657 eum
957 1592 1154 1670 Rauennate,
1188 1591 1272 1656 haud
1298 1611 1372 1657 raro
1401 1593 1470 1658 sola

324 1700 509 1777 scruauerit,
532 1700 666 1784 ideoque
690 1701 801 1783 dignas
824 1721 892 1766 osse
915 1699 1032 1766 Suidae
1054 1700 1275 1765 adnotationes
1297 1737 1339 1748 -
1363 1720 1469 1764 omen-

324 1807 408 1872 datis
440 1807 559 1872 seilicet
587 1813 619 1872 et
647 1807 745 1890 ipsius
773 1812 805 1872 et
833 1806 1033 1872 librariorum
1060 1807 1220 1872 erroribus
1250 1845 1289 1855 —
1319 1829 1399 1890 quae
1426 1809 1475 1872 ad,

324 1916 573 1998 componendum
594 1915 647 1979 uel
669 1915 711 1978 ad
733 1915 972 1998 perpoliendum
995 1935 1108 1998 corpus
1131 1915 1320 1980 scholiorum
1343 1916 1376 1978 in
1396 1915 1470 1978 Ari-

324 2023 488 2106 stophanis
516 2021 692 2088 comoedias
715 2023 977 2106 conscriptorum,
1001 2023 1093 2105 qualo
1116 2022 1243 2106 parauit
1270 2020 1306 2086 G.
1330 2021 1470 2086 Dindor·

324 2129 391 2207 fius,
414 2130 538 2196 ratione
560 2135 592 2196 et
615 2129 744 2196 consilio
768 2127 988 2195 adhibeantur.

412 2415 498 2482 Haec
533 2414 632 2480 habui
664 2417 697 2479 in
729 2415 897 2498 Equitibus
930 2414 1259 2498 Thesmophoriazusis
1291 2417 1470 2502 Lysistrata

323 2523 512 2607 scholiisque
535 2525 568 2587 in
591 2545 644 2589 oas
663 2524 847 2607 conscriptis
866 2543 946 2606 quae
965 2521 1139 2607 proferrem
1157 2524 1198 2588 ad
1216 2524 1469 2589 adumbrandam

325 2630 544 2714 Aristophanis
566 2630 736 2713 imaginem
757 2630 790 2693 in
809 2628 925 2695 Suidae
942 2630 1042 2694 lexico
1062 2651 1248 2714 expressam.
1286 2631 1333 2696 De
1351 2630 1469 2696 codicis

323 2744 429 2803 autem
448 2737 671 2820 Aristophanei
693 2758 786 2820 quem
805 2737 918 2803 Suidas
942 2737 1089 2802 adhibuit
1111 2738 1301 2812 auctoritate
1319 2739 1366 2803 ita
1384 2739 1467 2802 indi-

323 2845 475 2921 cabimus,
503 2851 538 2908 ut
564 2865 627 2909 non
648 2845 776 2909 nimiam
801 2844 874 2910 huic
897 2843 997 2909 codici
1020 2846 1242 2911 auctoritatem
1264 2845 1469 2911 tribuendam

322 2973 390 3017 esse
414 2973 603 3017 censeamus.
646 2951 726 3016 Nam
750 2956 782 3017 et
805 2952 1063 3017 adnotationibus
1085 2952 1313 3019 recentioribus
1335 2951 1468 3018 nullius-

322 3080 384 3143 que
406 3058 501 3143 pretii
524 3059 634 3124 eodem
656 3059 722 3126 fere
744 3060 838 3124 modo
860 3065 956 3143 atque
979 3060 1100 3126 codices
1125 3058 1184 3126 Vc
1209 3063 1378 3125 instructus
1397 3065 1469 3124 erat

323 3171 355 3232 et
376 3167 417 3231 ad
447 3167 700 3231 constituendum
727 3165 905 3232 fabularum
933 3173 1113 3233 contextum
1141 3169 1174 3233 in
1203 3165 1468 3250 Thesmophoria-

322 3273 404 3338 zusis
423 3273 550 3355 quidem
567 3282 677 3339 contra
690 3297 788 3338 unum
802 3275 864 3338 R⁴³¹n
878 3274 1043 3359 permultis
1057 3275 1133 3340 locis
1147 3275 1316 3357 genuinam
1330 3275 1467 3357 scriptu-

322 3401 390 3445 ram
412 3381 559 3457 retinuit,
586 3382 812 3464 propemodum
838 3381 919 3445 nihil
941 3381 1034 3446 affert
1056 3382 1088 3445 in
1113 3379 1304 3465 Lysistrata‚
1330 3382 1469 3464 denique

322 3487 355 3551 in
374 3486 542 3570 Equitibns
564 3487 721 3572 integram
743 3493 856 3572 poetae
880 3491 989 3554 cornici
1012 3489 1179 3555 lectionem
1197 3488 1378 3572 saepissime
1396 3509 1468 3553 cum

321 3594 422 3660 altero
454 3600 526 3659 ntro
559 3616 597 3660 ex
629 3597 771 3661 codicum
798 3595 967 3680 generibus
995 3594 1290 3660 R-V-P-Aran
1317 3596 1468 3672 semauit,

321 3701 428 3786 paucis
451 3702 528 3768 locis
551 3709 584 3768 ot
607 3704 691 3769 inter
714 3724 767 3768 eos
790 3725 853 3769 nno
876 3705 1032 3788 grauioris
1055 3704 1204 3769 momenti
1230 3703 1271 3791 (v.
1291 3703 1371 3788 517)
1395 3725 1468 3768 cum

322 3810 388 3874 solo
416 3810 521 3876 codice
547 3814 585 3875 M
604 3810 856 3898 (Ambrosiam),
884 3812 972 3876 cuius
1000 3810 1205 3894 archetypum
1234 3811 1317 3876 inter
1344 3811 1468 3876 codices

322 3916 569 4002 Aristophaneos
583 3919 775 4003 singularem
789 3919 891 3984 locum
906 3919 1079 3985 obtinuisse
1091 3918 1227 4003 probare
1237 3918 1342 3983 eonati
1351 3939 1468 3994 snmus,

322 4025 537 4109 incorruptum
558 4026 801 4111 Aristophanem
819 4032 1045 4111 repraesentat,
1063 4048 1136 4092 raro
1155 4027 1290 4109 donique
1308 4024 1393 4091 solus
1411 4045 1468 4088 an·

321 4153 388 4197 sam
411 4133 543 4216 praebet
566 4134 780 4198 restituendae
803 4155 897 4200 uerae
920 4134 1071 4201 lectionis,
1117 4134 1154 4198 In
1177 4133 1284 4198 codice
1303 4135 1467 4197 Mentem

321 4241 518 4306 aestimando
541 4241 772 4307 eoncedendum
796 4243 923 4326 quidem
947 4249 1003 4321 est,
1026 4243 1110 4309 hune
1131 4241 1247 4307 librum
1270 4247 1380 4324 utpote
1399 4261 1466 4304 sae·

321 4347 391 4411 culo
414 4346 526 4412 Xllll⁰
555 4355 718 4414 exaratum
744 4371 806 4416 non
831 4373 939 4416 carere
962 4353 1000 4417 iis
1022 4353 1124 4430 uitiis,
1152 4351 1265 4436 quibus
1288 4352 1392 4434 solent
1414 4373 1466 4416 co-

321 4453 406 4519 dices
435 4455 623 4522 recentiores
650 4464 784 4534 scatere,
812 4464 952 4525 attamen
979 4461 1107 4526 uidetur
1134 4461 1232 4526 codex
1257 4463 1297 4524 M
1314 4481 1352 4525 ex
1380 4458 1467 4526 haud
