3274 4938
789 395 1006 458 „20.„

327 551 503 636 hexametri
532 565 748 648 inveniuntur,
777 575 807 636 in
831 575 1029 655 pentametro
1053 572 1099 636 ita
1122 572 1236 648 utitur,
1263 577 1300 636 ut
1324 571 1479 635 termina-

325 679 428 743 tiones
452 685 575 744 tantum
599 679 765 743 verboram
789 682 964 742 mutentur:

317 799 320 806 '
416 787 536 863 πίονος
564 782 600 865 ἐξ
627 776 765 850 ἀδύτοιο
793 785 877 867 apud
906 785 1077 848 Homerum
1106 779 1155 870 (11.
1184 785 1214 862 ι’),
1242 783 1323 871 512)
1352 785 1384 848 in
1411 782 1479 848 fine

326 893 501 956 hexametri
525 892 650 975 legitur,
672 891 756 976 apud
780 891 995 974 'Pheognidem
1019 897 1060 980 (v.
1081 891 1160 976 808)
1185 893 1217 954 in
1241 891 1342 956 altera
1364 898 1480 974 penta-

327 1000 419 1064 metri
452 1005 558 1082 parte‚
590 998 730 1081 pleniore
763 1005 796 1062 et
828 1000 1002 1064 vetustiore
1033 999 1256 1063 terminatione
1288 985 1341 1063 οἷο
1372 1000 1403 1062 in
1430 985 1479 1062 οἶ)

326 1111 462 1170 mutata:
491 1107 611 1181 πίονος
639 1103 675 1185 ἐξ
698 1096 824 1169 ἀδύτου
845 1102 858 1192 1)
878 1103 933 1168 esr.
957 1104 1014 1169 Od.
1042 1108 1068 1180 1,
1092 1103 1134 1168 56
1160 1106 1192 1168 in
1216 1104 1277 1169 fine
1300 1105 1477 1169 hexametri

327 1207 507 1294 αἱμυλίοισι
530 1207 671 1295 λόγοιοιε
695 1211 833 1294 Theogn.
854 1212 918 1276 704
943 1207 1122 1294 αἱμυλίοισι
1146 1207 1258 1295 λόγοις
1274 1209 1287 1299 Ι)
1304 1211 1339 1275 11.
1359 1212 1388 1287 9,
1408 1212 1477 1275 332

328 1320 360 1381 in
392 1317 454 1382 fine
486 1319 660 1382 hexametri
694 1320 791 1404 ιἠυοὶ
824 1323 961 1401 tepuere
995 1317 1132 1400 Theogn.
1165 1319 1203 1381 12
1236 1320 1333 1405 υηυοὶ
1366 1324 1476 1394 θοαῖς.
1536 1387 1541 1394 ‚

327 1425 375 1487 Ex
408 1424 457 1489 his
490 1425 639 1507 exemplis
672 1431 818 1508 apparet,
851 1424 1008 1506 quomodo
1040 1425 1197 1507 pleniores
1230 1432 1262 1489 et
1289 1428 1477 1490 vetustiores

328 1532 447 1595 formae
476 1533 508 1594 in
538 1517 601 1611 oth,
630 1518 706 1610 οἶοι,
732 1519 787 1614 por
816 1532 1005 1614 pentametri
1030 1538 1129 1595 metro
1154 1539 1358 1596 coerceantur
1380 1538 1478 1616 atque

327 1638 551 1724 minuantur.¹)
597 1638 769 1720 Postquam
793 1647 898 1703 autem
922 1639 1099 1701 noeuratius
1123 1639 1162 1702 de
1186 1638 1246 1703 hae
1269 1660 1303 1703 re
1327 1641 1478 1722 quaesivi,

327 1744 406 1810 haec
429 1747 542 1809 inveni.
588 1743 720 1826 Legitur
744 1746 829 1828 apud
852 1745 877 1808 T
881 1745 1081 1827 heognidem:

587 1855 642 1934 oio
665 1869 848 1934 terminatio
872 1869 904 1931 in
930 1870 1112 1936 hexametro
1133 1869 1187 1933 7¹⁰⁸

587 1979 640 2058 oro
749 2043 765 2071 ‚‚
878 2041 895 2070 ‚,
927 2001 1125 2076 pentametro
1146 1995 1197 2081 1²)

587 2103 653 2183 οἶοι
747 2167 764 2194 ,,
876 2166 893 2194 ,,
926 2118 1108 2182 hexametro
1127 2117 1170 2182 80

587 2229 654 2307 οι-οι
748 2292 765 2318 ,,
877 2290 893 2320 ,,
924 2247 1124 2325 pentametro
1147 2242 1185 2306 19
1196 2243 1223 2327 ³)

586 2353 642 2449 po}
749 2417 765 2444 ‚‚
878 2415 895 2442 ,‚
928 2367 1151 2431 hexametross

588 2477 642 2573 οῖσι
749 2541 766 2567 ,,
878 2540 895 2568 ,,
927 2497 1125 2574 pentametro
1144 2490 1201 2574 2⁴)

332 2615 424 2698 Apud
448 2615 585 2699 reliquos
608 2620 719 2699 poetas
743 2615 896 2697 elegiacos
920 2615 1011 2698 (Cau.
1035 2615 1153 2681 Archil.
1178 2616 1263 2698 Tyrt.
1289 2615 1476 2683 Mimnsol.

331 2721 472 2805 Xenoph.
497 2724 610 2786 Anaor.
634 2723 750 2787 Simon.
776 2721 823 2807 C.)
848 2722 926 2787 haee
949 2723 1068 2787 inveni:
1093 2721 1224 2804 Legitur

589 2833 643 2912 οιο
665 2835 851 2912 terminatio
871 2848 903 2909 in
926 2847 1108 2911 hexametro
1130 2845 1206 2910 19102·

589 2956 642 3035 ὦ
749 3019 767 3047 2,
879 3021 895 3048 ,,
927 2975 1124 3054 pentametro
1146 2970 1196 3050 1⁶)

590 3081 656 3160 θῖῠί
752 3144 768 3171 ,,
880 3145 897 3172 ,,
929 3095 1112 3158 hexametro
1129 3092 1174 3155 44

590 3205 655 3284 orm
750 3268 766 3294 ‚‚
879 3267 896 3294 „
928 3224 1124 3302 pentametro
1146 3216 1224 3301 12⁶)

589 3329 644 3426 pm
750 3391 767 3419 „
879 3391 896 3419 ‚‚
928 3341 1153 3406 hexametros)

590 3453 644 3550 pot
752 3515 768 3542 „
880 3515 896 3542 ‚‚
921 3466 1207 3558 ,pentametr00'

376 3580 544 3588 -=..--..-—-—

424 3702 442 3762 ¹)
462 3701 510 3752 ct'r.
531 3699 641 3752 Renner
660 3695 686 3748 in
708 3694 819 3762 Georgii
839 3695 948 3748 Curtius
964 3694 1113 3759 ‚‚Stndien“
1130 3697 1140 3748 1
1156 3713 1182 3764 p.
1198 3697 1257 3748 2206.
1276 3721 1306 3730 —
1323 3691 1371 3743 cfr.
1392 3687 1473 3740 etiam

333 3787 487 3850 Wecklein,
509 3801 590 3850 curae
610 3782 817 3852 epigraphioae,
839 3799 864 3852 p.
886 3785 897 3836 l
916 3799 974 3850 sqq.
1244 3841 1247 3846 ¹

422 3876 442 3934 *t
462 3875 489 3927 in
509 3873 598 3926 altera
617 3869 784 3940 pentametri
804 3877 891 3938 parte,
912 3871 958 3923 uhi
978 3872 1107 3940 spondeis
1127 3871 1202 3924 locus
1222 3885 1275 3923 non
1296 3873 1346 3920 est.

422 3963 442 4022 ’1
462 3961 554 4016 decies
573 3959 664 4013 sexies
684 3959 710 4011 in
731 3958 821 4012 altera
840 3959 1007 4027 pentametri
1026 3966 1113 4028 parte.
1134 3967 1177 4013 ter
1196 3958 1224 4011 in
1244 3955 1334 4026 priore
1353 3959 1440 4024 parte.

422 4052 444 4103 ‘t
464 4051 490 4103 in
510 4047 600 4102 altera
619 4047 786 4116 pentametri
805 4053 893 4116 parte.

422 4139 444 4196 ⁵)
463 4139 489 4192 in
510 4137 599 4190 altera
618 4135 783 4204 pentametri
803 4143 891 4205 parte.

422 4227 443 4294 α1
461 4225 552 4280 sexies
571 4225 598 4279 iu
618 4225 718 4295 priore,
738 4226 829 4280 sexies
849 4225 876 4280 iu
896 4209 985 4280 altera
1004 4223 1171 4294 pentametri
1190 4231 1277 4294 parte.
