3304 4928
314 349 356 413 '12
746 385 787 394 -
838 345 934 430 [are]
982 384 1024 393 -

313 565 332 608 a
355 541 485 608 librario
508 541 646 625 quodam
669 547 817 606 exaratus
840 541 969 606 uidetur
987 560 1064 616 esse,
1087 540 1141 624 qui
1164 560 1234 604 cum
1253 537 1292 605 de
1311 561 1369 604 sua
1386 540 1463 604 doc-

312 649 399 714 triua
420 648 588 732 quicquam
612 647 737 740 adicere
760 647 872 723 nollet,
900 646 968 712 sola
991 667 1042 722 ea,
1069 666 1150 730 quae
1174 647 1206 710 in
1230 647 1464 712 commentariis

313 776 408 840 supra
425 755 608 820 memoratis
628 753 760 822 collecta
777 753 909 828 inuenit,
929 754 960 816 in
979 752 1096 817 librum
1114 774 1205 817 snum
1229 752 1400 818 transtulit
1423 789 1463 798 .„.

402 861 557 940 Quoniam
579 863 685 924 autem
707 858 846 924 uidimus
869 857 986 924 Suidac
1015 881 1140 943 quoque
1167 859 1282 924 librum
1306 857 1464 944 quendam

314 969 560 1052 manuscriptum
583 970 710 1050 praesto
733 965 839 1042 fuisse,
862 986 924 1030 non
946 965 978 1029 in
999 986 1037 1029 ea
1055 965 1239 1049 quaestione
1257 963 1465 1040 uersabimur,

314 1075 390 1158 quid
418 1096 457 1138 ex
480 1073 596 1139 Suidae
618 1072 877 1138 adnotationibus
904 1072 946 1136 ad
973 1074 1195 1156 grammaticos
1221 1070 1464 1146 Alexandrinos,

313 1179 553 1255 Callimachum,
581 1177 839 1254 Eratosthenem,
868 1177 1111 1262 Aristophanem
1134 1177 1335 1264 Byzantium,
1363 1177 1462 1260 Lyco-

313 1286 490 1370 phrontem‚
515 1285 693 1370 Didymum,
716 1283 944 1370 Symmachum,
966 1285 1124 1350 Phainum
1148 1283 1190 1348 sit
1208 1282 1408 1348 referendum
1431 1291 1464 1347 et

313 1391 391 1473 quid
414 1389 546 1474 singulis
574 1411 613 1457 ex
640 1391 690 1456 his
716 1391 759 1456 sit
781 1390 1040 1468 adtribuendum,
1068 1390 1122 1456 scd
1147 1395 1255 1455 utnrm
1278 1411 1316 1454 ea
1338 1411 1464 1472 quoque

314 1495 445 1572 scholia,
478 1517 560 1580 quae
592 1496 706 1562 Suidas
739 1518 777 1562 ex
809 1498 916 1562 codiee
949 1495 1127 1562 fabularum
1160 1495 1463 1581 Aristophanearum
1491 1495 1498 1505 '

313 1603 430 1668 hausta
447 1603 481 1667 in
500 1603 622 1670 lexicon
641 1625 732 1668 suum
746 1603 954 1682 transtulerit,
973 1603 1219 1688 Byzantinorum
1238 1601 1464 1668 additamentis

314 1709 481 1792 inquinata
493 1707 612 1773 fuerint
625 1729 732 1785 neone,
746 1714 814 1774 tum
828 1717 980 1794 quantum
995 1733 1034 1775 ex
1049 1710 1260 1776 uetustiorum
1273 1708 1463 1774 scholiorum

314 1815 464 1880 thesauro
498 1815 530 1878 in
559 1815 675 1880 Suidae
703 1815 803 1881 lexico
832 1822 993 1882 seruatum
1021 1817 1075 1891 sit,
1108 1821 1140 1880 et
1166 1837 1242 1880 num
1273 1815 1464 1880 scholiorum

314 1920 417 1986 forma
438 1942 459 1986 a
480 1919 640 1986 codicibus
659 1921 901 2006 Aristophaneis
924 1944 962 1987 ex
986 1923 1100 2007 quibus
1120 1921 1240 1988 scholia
1257 1923 1464 1986 innotuerunt

315 2027 485 2109 discrepet,
513 2025 647 2110 denique
675 2048 749 2092 num
777 2035 862 2094 recte
890 2029 1040 2094 indicarit
1063 2028 1288 2113 Bernhardyus
1316 2049 1385 2092 cum
1414 2027 1463 2092 di-

315 2131 451 2218 ceret¹):
478 2131 635 2210 ,Jdndliclt
663 2131 716 2198 las'
736 2131 857 2200 Saldae
885 2135 946 2200 don
973 2155 1008 2200 so
1031 2136 1204 2217 rediyirleu
1228 2135 1350 2200 Stamm
1371 2137 1464 2216 paster

314 2239 457 2306 Scholion
493 2241 529 2302 tn
562 2240 660 2302 010000
691 2241 835 2305 reineren
867 2241 1053 2322 Ecouplar,
1092 2240 1219 2306 welches
1251 2241 1335 2306 nata
1366 2239 1463 2306 sellan
1491 2257 1494 2266 ’

315 2345 396 2410 auch
419 2345 648 2427 noltetdndiper
670 2354 774 2411 war.“

720 2573 856 2640 onnus
879 2575 1057 2640 Pernen.

838 2755 858 2834 8
881 2754 933 2817 ao.

404 2909 534 2976 Suidam
558 2931 650 2974 usum
677 2931 745 2975 csse
768 2910 875 2976 codice
900 2910 1132 2995 Aristophaneo
1155 2911 1283 2978 scholiis
1307 2913 1462 2976 instructo

315 3022 442 3098 praeter
474 3015 552 3081 illud
584 3018 663 3100 Σχο.
696 3014 819 3099 glossae
851 3019 1042 3102 Βληχωνία,
1075 3018 1129 3083 ubi
1161 3020 1268 3101 agitur
1299 3018 1339 3082 de
1371 3018 1463 3083 Pacis

315 3143 362 3185 vv.
387 3121 585 3199 tro-712,
611 3119 786 3204 praefixum
815 3123 928 3187 docent
953 3123 1108 3207 imprimis
1132 3125 1161 3188 ei
1184 3123 1258 3200 loci,
1286 3123 1400 3207 quibus
1423 3144 1462 3188 cx

316 3225 435 3292 scholio
462 3229 623 3311 adscripto
651 3227 777 3310 singula
803 3228 902 3293 uerba
930 3229 963 3294 iu
991 3236 1113 3295 textum
1136 3231 1345 3314 irrepserunt;
1373 3229 1463 3294 cuius

315 3332 362 3396 rei
386 3334 530 3416 exempla
552 3355 590 3398 ex
609 3333 778 3419 Equitibus
805 3340 838 3399 ct
855 3334 1033 3418 Lysistrata
1050 3357 1147 3420 supra
1165 3337 1325 3402 adnotant.
1361 3336 1463 3400 Erant

315 3437 376 3502 bae
414 3459 489 3504 sanc
520 3439 643 3522 glossae
675 3440 901 3505 interlineares.
957 3441 1022 3506 Neo
1053 3441 1191 3508 defuisse
1223 3444 1343 3526 glossas
1379 3463 1462 3506 mar-

258 3603 263 3614 ,
316 3543 438 3626 ginales
466 3565 546 3627 quae
574 3549 728 3610 uocantur
755 3547 855 3610 codici
884 3547 912 3610 ei
941 3567 1035 3629 quem
1063 3546 1177 3614 Suidas
1201 3549 1233 3612 10
1257 3549 1463 3632 excerpendis

316 3645 431 3714 fabulis
454 3649 695 3734 Aristophaneis
727 3651 875 3717 adhibuit
907 3653 1190 3722 innumerabilibus
1223 3655 1290 3720 fere
1318 3675 1461 3739 compro-

316 3753 411 3818 batur
448 3754 537 3833 locis,
574 3756 688 3840 quibus
720 3758 877 3842 longiores
909 3760 1134 3844 explicationes
1166 3759 1310 3826 uersibus
1338 3760 1462 3826 Aristo-
1561 3772 1565 3780 '

315 3859 447 3942 phaneis
480 3861 692 3938 subiciuntur,
724 3883 806 3947 quae
838 3866 966 3930 eaedem
998 3867 1038 3930 ad
1073 3866 1206 3932 uerbum
1237 3867 1270 3931 in
1303 3866 1348 3931 eis
1375 3865 1461 3931 eodi-

316 3965 404 4031 cibus
427 3967 585 4050 leguntur,
608 3990 646 4032 ex
669 3970 785 4053 quibus
808 3969 928 4035 scholia
951 3972 1079 4056 collegit
1098 3979 1130 4038 et
1149 3973 1305 4056 disposuit
1324 3973 1361 4038 G.
1381 3973 1461 4038 Din-

316 4069 442 4137 dorfius.
489 4071 583 4139 Caret
614 4082 719 4141 autem
748 4075 864 4140 Suidae
892 4077 1012 4143 citandi
1040 4078 1152 4143 modus
1180 4101 1242 4143 non
1270 4101 1343 4142 raro
1374 4087 1463 4144 certa

315 4179 438 4242 ratione
465 4177 620 4264 firmoque
646 4182 790 4258 oonsilio,
817 4187 929 4263 utpote
952 4183 1006 4267 qui
1032 4191 1100 4248 tum
1123 4185 1178 4248 001
1201 4185 1323 4269 glossae
1347 4184 1461 4250 cohor-

388 4391 406 4455 ι)
426 4389 498 4445 Hist.
518 4391 584 4446 Litt.
604 4391 701 4446 Gracc.
723 4391 762 4444 11⁸
781 4393 806 4457 2,
826 4392 886 4445 671.
