3272 4920
283 412 345 474 roo
716 449 761 459 -
808 409 892 493 μοι]
940 444 984 456 -

282 597 520 683 comparativus
534 618 606 664 oum
620 599 762 684 pondere
777 598 917 682 quodam
931 596 1056 682 positus
1072 595 1123 678 sit,
1150 615 1191 662 σε
1204 595 1314 676 verbo,
1340 611 1424 676 qnae

280 701 418 786 primum
441 703 533 768 oolon
555 709 644 769 trans
668 701 919 786 comparativum
950 698 1203 784 ἐπιτυχέστεροι
1229 697 1419 784 producunt,

279 823 299 871 e
321 805 472 891 Dionysii
493 805 600 872 verbis
623 805 707 873 ultro
729 803 892 872 exoidnnt.

366 958 459 1037 Quae
485 980 560 1025 num
584 959 724 1026 delenda
753 959 833 1039 sint,
867 957 989 1040 siquis
1019 956 1124 1022 adhue
1151 955 1292 1037 dubitet,
1326 972 1422 1038 spero

279 1062 425 1130 eiusdem
446 1063 689 1149 interpolatoris
708 1061 959 1148 menuvoognite
986 1067 1073 1127 nerto
1099 1080 1226 1126 meeum
1256 1079 1329 1126 enm
1352 1057 1422 1124 fao-

281 1172 385 1231 turum
409 1184 491 1232 esse.
538 1167 589 1233 De
612 1165 777 1232 Platonico
799 1164 938 1231 dialecto
953 1163 1136 1249 'Dionysius
1158 1177 1191 1252 p.
1211 1165 1333 1228 96412ss
1354 1161 1420 1228 ite:

277 1262 324 1334 Ἡ
344 1268 380 1334 δέ
403 1266 443 1356 δὴ
459 1267 661 1355 Πλατωνικὴ
686 1266 859 1345 διάλεκτος
881 1265 1041 1349 βούλεται
1062 1266 1126 1349 μέν
1148 1259 1318 1332 εἶναικαὶ
1339 1258 1423 1351 αὐτὴ

281 1377 389 1456 μίγμα
413 1371 581 1458 ἑκατέρων
602 1379 669 1437 τῶν
691 1368 912 1458 χαρακτήρων
934 1376 995 1436 τοῦ
1010 1393 1045 1435 τε
1060 1363 1197 1456 ὑψηλοῦ
1219 1369 1276 1433 καὶ
1292 1367 1419 1451 toperi,¹

281 1471 444 1561 καθάπερ
468 1474 598 1562 εἴρηταί
620 1499 679 1558 μοι
701 1471 879 1561 πρότερον,
906 1477 1040 1560 πέφυκε
1063 1467 1092 1538 δ’
1112 1466 1173 1555 σάχ
1193 1467 1320 1556 ὁμοίως
1336 1469 1425 1557 πρὸς

282 1570 498 1664 ἀμφοτέρους
532 1574 611 1654 τοὺς
644 1584 858 1666 χαρακτῆρας
888 1570 1038 1662 εὐτυχής.
1071 1570 1156 1641 δ’ταν
1182 1575 1246 1658 μέν
1275 1563 1336 1641 οὖν
1364 1572 1426 1661 την

283 1678 402 1766 ίσχνην
427 1729 433 1745 .
456 1730 491 1744 ..
519 1676 699 1768 ἐπιτηδεύῃ
723 1677 861 1767 φράσιν,
896 1675 1049 1755 ἐκτόπως
1070 1672 1168 1766 ἡδεῖά
1191 1677 1263 1744 ἐστι
1285 1677 1342 1742 καί
1364 1701 1425 1764 ηυ-

282 1779 517 1865 λάνέίρωπος.
540 1831 546 1847 .
568 1833 574 1846 .
600 1803 632 1867 p.
652 1785 743 1848 96515
768 1775 851 1848 ὅταν
873 1776 905 1848 δ’
924 1780 973 1859 εἰς
996 1779 1057 1869 τὴν
1079 1782 1362 1868 περιττολογίαν.
1385 1831 1391 1844 .
1414 1829 1422 1842 .

284 1877 430 1968 ἀμετρον
452 1877 561 1971 ὁρμὴν
583 1880 680 1969 λάβῃ,
706 1886 823 1970 πολλῷ
845 1889 968 1970 χείριυν
987 1883 1107 1971 ἕαυτης
1122 1888 1261 1969 γίνεται.
1288 1878 1425 1967 καὶγὰρ

286 1981 470 2075 ἀηδεστέρα
494 1995 552 2075 τῆς
574 1987 691 2074 ἑτέρας
714 1989 772 2053 καί
793 1986 912 2055 κάκιον
934 1987 1154 2076 ἑλληνίζουσα
1176 1988 1235 2052 καί
1248 1989 1425 2073 παχυτέρα

285 2095 445 2178 φαίνεται
463 2143 469 2156 .
487 2141 494 2155 .
517 2143 523 2157 .
566 2091 730 2172 „Platonis
745 2092 914 2168 dialectos,
941 2091 1114 2176 siquando
1130 2091 1173 2157 nd
1188 2111 1294 2157 rerum
1309 2109 1425 2175 snper-

284 2215 459 2262 veouarum
482 2196 698 2280 expositiones
720 2216 756 2262 se
779 2195 945 2274 convertit,
971 2215 1068 2278 qnam
1090 2193 1163 2280 ipsa
1180 2194 1271 2280 peior
1285 2192 1336 2272 fit;
1362 2194 1427 2259 mi-

281 2318 343 2365 nus
365 2298 449 2380 enim
473 2319 568 2382 qnam
592 2299 695 2365 altera
717 2298 827 2364 suavis
851 2303 934 2365 est.“
980 2297 1030 2364 De
1059 2297 1126 2363 elia
1153 2297 1290 2364 dialecto
1318 2315 1424 2362 sermo

281 2421 346 2468 non
368 2400 420 2468 fit:
454 2401 494 2468 de
521 2401 635 2468 eadem
664 2402 771 2488 potins
795 2408 827 2468 et
854 2405 977 2488 χείριυν
1007 2399 1127 2488 ἑαυτῆς
1157 2399 1274 2468 dieitur
1300 2407 1332 2467 et
1362 2393 1425 2486 ἀη-

283 2505 423 2590 δεστέρα
447 2510 505 2591 τῆς
529 2502 655 2590 ἑτέρας,
683 2505 768 2587 quod
791 2512 986 2590 quantopere
1009 2504 1051 2570 sit
1073 2505 1265 2586 absurdum,
1291 2503 1326 2570 in
1348 2523 1424 2589 pro-

282 2607 393 2694 patulo
415 2612 474 2674 est.
523 2608 630 2674 Verbo
652 2613 710 2694 της
734 2605 850 2692 ἑτέρας
873 2606 1067 2692 interpolato
1089 2625 1162 2674 esse
1182 2606 1278 2690 idque
1301 2605 1343 2671 ab
1366 2625 1425 2672 eo-

283 2709 357 2776 dem
379 2709 442 2776 nisi
466 2711 597 2794 egregie
619 2709 715 2776 fallor
737 2709 908 2794 Graeculo,
941 2711 991 2776 eni
1014 2711 1119 2796 priore
1142 2711 1213 2776 loco
1235 2709 1334 2776 verba
1357 2714 1425 2774 τῶν

284 2811 408 2897 έτέρων
429 2812 596 2894 debentur,
626 2819 658 2879 et
686 2812 767 2879 ratio
798 2812 891 2880 dooet
920 2821 953 2880 et
982 2814 1071 2880 loeus
1101 2813 1259 2898 epistulae
1289 2811 1331 2878 ed
1360 2811 1421 2878 On.

283 2915 471 3000 Pompeium
488 2916 611 3001 probet,
637 2916 693 2982 ubi
708 2916 822 2982 endem
845 2915 981 3000 repetite
1001 2916 1162 3000 leguntur,
1188 2937 1221 3002 p.
1237 2919 1343 2980 75911s
1365 2915 1424 2981 καὶ

283 3014 347 3105 γὰρ
378 3009 562 3104 ἀηδεστέρα
590 3017 648 3082 καὶ
670 3017 789 3084 κάκιον
811 3016 1030 3106 ἑλληνίζουσα
1058 3019 1115 3083 καί
1141 3023 1317 3105 παχυτέρα
1341 3022 1426 3106 φαί-

282 3143 392 3188 νεταιε
426 3121 480 3187 ubi
503 3127 561 3208 τῆς
584 3119 717 3207 ἑτέρας,
744 3122 829 3205 quod
850 3121 946 3205 volgo
971 3128 1044 3206 post
1066 3115 1251 3209 ἀηδεστέρα
1279 3111 1420 3200 additur,

283 3245 304 3291 a
330 3223 493 3290 oodioibns
516 3224 549 3289 M
572 3231 604 3290 et
625 3224 691 3292 Ac
715 3223 823 3291 Grosii
851 3225 1029 3291 rectissime
1062 3225 1172 3304 abest3
1213 3224 1254 3291 de
1275 3224 1423 3291 Palatino

284 3326 362 3394 mihi
395 3349 459 3394 non
492 3334 616 3394 constat
643 3327 699 3412 (oi.
727 3348 810 3411 qnae
842 3348 918 3412 pag.
947 3333 985 3392 15
1020 3327 1088 3393 dixi
1117 3328 1160 3393 ed
1188 3349 1222 3413 p.
1241 3331 1311 3394 2612
1340 3327 1425 3394 Her-

283 3429 413 3514 werd.).
461 3431 670 3516 Summopere
685 3437 792 3497 eutem
814 3430 948 3511 mireris,
975 3431 1060 3514 quod
1075 3431 1310 3498 Herwerdenus
1325 3431 1424 3498 etiarn

283 3534 385 3599 invito
416 3533 545 3613 „oodioe
575 3541 651 3600 suo“
681 3535 781 3600 verbo
808 3540 867 3622 της
896 3533 1012 3621 ἑτέρας
1041 3555 1059 3600 e
1087 3535 1219 3618 volgata
1247 3533 1421 3600 revocavit.

283 3635 376 3716 Quae
410 3644 443 3704 et
476 3638 537 3704 hoe
569 3637 610 3704 de
643 3657 705 3721 quo
738 3639 845 3721 egitur
879 3639 950 3704 loeo
984 3658 1025 3704 ex
1057 3638 1246 3704 auctoritate
1279 3637 1426 3704 oodionm

284 3741 317 3805 M
340 3747 372 3806 et
394 3739 456 3806 Ao
480 3762 512 3827 p.
533 3743 621 3805 759ss
648 3739 788 3807 delendo
809 3759 912 3825 neque
940 3741 997 3806 iilo
1026 3741 1096 3808 looo
1126 3760 1166 3806 ex
1187 3740 1248 3806 hoe
1274 3739 1425 3807 addenda

282 3851 368 3910 sunt.

370 3999 542 4083 p.'„543rrss
558 3993 684 4084 ’Έχωγέ
699 4021 787 4084 φημι
802 4005 923 4084 χρῆναι
937 3994 1016 4075 τοὺς
1031 3998 1217 4080 μέλλοντας
1232 3992 1306 4082 οὐχὶ
1322 4002 1426 4082 μέρος

284 4125 317 4165 τι
333 4107 391 4188 τῆς
403 4102 580 4189 πολιτικῆς
595 4098 780 4184 δυνάμεως,
801 4095 870 4166 ἀλλ’
886 4095 967 4188 ὅλην
978 4095 1084 4188 αὐτὴν
1094 4100 1289 4189 κτήσασθαι
1303 4107 1427 4168 τοῦτον

288 4203 378 4285 έχειν
393 4200 454 4270 τδν
469 4202 595 4292 ῥήτορα
611 4202 667 4270 διά
681 4201 804 4290 χειρός.
843 4205 994 4288 Corriges
1015 4201 1261 4292 κτήσεσθαι.
1300 4204 1426 4291 Diony-

288 4305 355 4372 sius
377 4306 411 4372 in
434 4307 561 4392 seriptis
583 4307 749 4375 rhetoricis
764 4308 895 4375 verbnm
917 4308 1053 4390 μέλλειν
1074 4307 1205 4392 saepius
1234 4327 1306 4374 oum
1329 4328 1427 4394 proe-
