3262 4926
780 395 995 457 ..12-

320 583 426 666 Atque
442 581 491 662 id,
518 583 601 666 qnod
628 583 836 667 limpedocles
859 584 941 649 dixit

479 689 520 750 60
542 688 599 750 καὶ
622 687 673 763 δὶς
695 685 758 773 γὰρ
782 685 799 751 ὃ
825 686 864 774 δή
888 685 993 753 καλόν
1016 687 1107 753 ἔστιν
1130 687 1293 766 tolonen,

320 788 362 854 ad
384 809 439 855 eos
463 796 586 856 tantum
608 811 723 857 versus
753 798 859 876 [111111
887 792 1017 872 referri,
1051 793 1166 874 quibus
1196 791 1309 874 gravia
1337 791 1464 875 placita

321 889 621 977 pronuntiabantur.
676 894 741 960 Sed
770 895 835 962 illis
866 895 1023 979 exemplis
1054 894 1183 960 minimc
1214 895 1394 979 explicatur
1425 894 1461 958 in

322 996 462 1062 Lucretii
484 996 679 1063 carminibus
706 999 904 1082 prooemium
927 999 1033 1081 quarti
1056 998 1129 1063 libri
1152 999 1204 1064 vel
1227 999 1281 1078 IV,
1309 1001 1463 1062 arr—29

326 1101 378 1183 (ε
393 1101 448 1180 Vl,
467 1103 626 1182 aas-35)
655 1103 705 1167 vel
729 1102 771 1182 II,
786 1106 928 1168 ,55-61.
948 1103 1007 1183 ΙΙΙ,
1027 1105 1154 1166 87-93
1181 1104 1232 1185 l:
1247 1102 1297 1182 Vl,
1317 1103 1457 1184 35-41)

321 1203 442 1286 aliique
464 1204 535 1286 loci,
562 1211 597 1270 ut
619 1205 659 1270 de
682 1205 728 1270 eis
751 1205 994 1271 difficultatibus
1017 1212 1192 1287 taceamus,
1219 1225 1463 1289 (1111111111-

322 1311 491 1372 tentiarum
514 1308 626 1374 ordine
649 1308 803 1374 oriuntur.
850 1309 968 1391 Utique
994 1309 1122 1392 singula
1150 1309 1282 1390 iterata,
1315 1329 1396 1394 qnae
1425 1309 1463 1373 iu

323 1411 462 1477 Lucretii
484 1412 575 1478 libris
597 1412 717 1478 tradita
739 1419 822 1495 sunt,
849 1419 1000 1479 accurate
1022 1412 1253 1498 perscrutanda
1274 1420 1359 1479 sunt.
1487 1473 1488 1478 ,

409 1516 535 1597 Restat,
569 1522 604 1582 ut
629 1516 670 1582 de
693 1516 866 1582 Purmanni
894 1524 1132 1600 cetercmmque
1161 1517 1265 1582 dicam
1293 1517 1459 1601 opinione,

322 1640 401 1686 casu
423 1619 544 1685 factum
567 1639 639 1686 esse
666 1620 881 1704 opinantium,
916 1627 952 1685 ut
979 1620 1011 1685 in
1035 1621 1235 1686 Lucretiauis
1265 1621 1463 1686 carminibus

323 1723 507 1789 iterationes
520 1724 716 1806 legerentur:
736 1744 811 1789 nam
824 1723 851 1789 si
863 1724 991 1807 quando
1001 1725 1169 1790 verborum
1181 1724 1317 1808 penuria
1328 1743 1461 1807 pressus

323 1833 418 1906 essct,
445 1846 485 1892 ne
501 1827 595 1893 nimis
611 1827 644 1891 in
661 1828 709 1892 eis
725 1827 803 1893 locis
819 1827 976 1908 haereret,
999 1826 1129 1893 easdem
1146 1826 1321 1893 sententias
1337 1827 1463 1892 eisdem

322 1931 429 1996 verbis
445 1930 613 2015 repetiisse
628 1937 766 2015 poetam,
792 1931 875 2014 qnod
890 1931 924 1996 in
940 1931 1080 1996 carmine
1094 1931 1291 1997 recensendo
1307 1931 1463 1996 emenda-

324 2041 413 2098 turus
436 2033 559 2099 fnisset.
608 2034 650 2099 At
672 2040 747 2100 sunt
768 2034 965 2115 iterationes
992 2055 1092 2117 quae,
1127 2034 1154 2098 si
1183 2034 1248 2100 sint
1268 2055 1290 2099 1
1311 2034 1463 2099 Lucretio

324 2137 394 2221 ipso
417 2138 591 2222 proiectae,
617 2143 724 2203 tamen
748 2145 862 2222 postea
885 2137 1012 2203 demum
1034 2158 1073 2205 eo
1102 2139 1183 2218 loeo,
1213 2138 1267 2203 ubi
1297 2157 1382 2202 nuuc
1410 2138 1464 2202 in-

325 2240 504 2322 veniuntur,
531 2241 673 2306 insertae
696 2241 770 2306 sint.
818 2240 914 2308 Velut
930 2242 985 2325 IV,
1011 2245 1114 2304 1-25
1137 2240 1237 2306 additi
1261 2246 1344 2322 sunt,
1371 2249 1464 2325 post-

312 2363 420 2427 ·quam
447 2345 571 2428 reliqua
592 2344 745 2429 prooemii
768 2364 844 2429 pars
867 2345 931 2410 iam
954 2345 1133 2429 composita
1155 2352 1205 2410 est
1233 2345 1299 2428 (cfr.
1324 2365 1379 2429 pg.
1409 2347 1460 2426 15)

326 2469 430 2531 neque
452 2469 504 2514 vv.
531 2450 562 2529 l,
593 2451 731 2512 tro—8
759 2453 856 2514 antea
885 2448 994 2532 scripti
1025 2467 1096 2514 esse
1124 2454 1261 2532 possunt
1290 2468 1387 2530 quam
1416 2449 1460 2529 ΙΙ,

326 2555 463 2631 55-61,
489 2572 623 2635 quorum
646 2571 719 2618 cum
742 2552 829 2618 exitu
852 2558 1030 2635 congruunt
1050 2551 1116 2632 (cfr.
1136 2571 1189 2636 pg.
1209 2555 1360 2635 61111),
1387 2571 1463 2616 oum

326 2662 436 2720 tamen
448 2654 528 2719 nibil
544 2654 661 2720 certius
677 2657 719 2721 sit
734 2675 828 2739 quam
844 2655 1040 2740 prooemium
1056 2662 1088 2721 et
1099 2655 1237 2739 priorem
1249 2653 1377 2738 quidem
1390 2654 1465 2720 libri

325 2758 420 2843 primi
435 2767 560 2843 partem
584 2759 673 2843 prius
695 2759 860 2826 elaborata
881 2777 954 2825 esse
976 2779 1072 2843 quam
1095 2759 1291 2843 prooemium
1314 2757 1461 2824 alterius.

327 2862 385 2927 His
401 2861 499 2944 igitur
513 2862 601 2944 locis,
618 2862 646 2926 si
662 2863 703 2928 ab
719 2863 789 2947 ipso
804 2868 901 2946 poeta
917 2882 976 2928 eae
992 2862 1197 2947 repetitiones
1212 2863 1245 2926 11
1262 2861 1466 2946 expoliendis

327 2965 520 3031 carminibus
549 2966 655 3030 laetae
685 2966 768 3045 sint,
804 2966 846 3031 ad
879 2965 1019 3050 inopiam
1049 2964 1189 3031 Lucretii
1219 2964 1348 3050 propria
1376 2963 1466 3028 diffi-

327 3068 435 3135 cilium
458 3089 564 3134 rerum
586 3068 684 3135 verba
709 3068 895 3134 inveniendi
924 3070 1071 3153 refugere
1099 3089 1162 3134 non
1192 3068 1279 3135 licet.
1326 3065 1466 3135 Omnino

281 3199 289 3212 ·
327 3193 419 3252 vero,
450 3181 485 3238 ut
514 3173 691 3238 carminum
721 3193 879 3238 conexum
907 3172 1109 3253 emendaret,
1141 3172 1363 3238 iterationibus
1390 3191 1466 3237 enm

328 3297 421 3342 usum
445 3296 516 3342 essa
539 3275 723 3360 negandum
746 3283 806 3342 ost.
846 3278 1017 3343 Praeterea
1031 3276 1170 3361 plurium
1186 3283 1376 3359 argumenta
1391 3281 1467 3339 tan-

328 3387 440 3465 topere
462 3381 504 3446 ab
526 3380 574 3445 eis
597 3381 691 3460 locis,
723 3379 777 3446 ubi
801 3380 957 3464 repetitae
980 3389 1072 3457 sunt,
1098 3379 1289 3455 abhorrent,
1321 3383 1355 3442 11
1377 3377 1468 3442 nullo

328 3483 421 3550 modo
444 3485 660 3566 intellegatur,
688 3482 814 3566 quade
837 3503 936 3549 causa
958 3489 1065 3548 tantas
1089 3481 1299 3548 difficultates
1322 3480 1382 3547 sibi
1405 3501 1468 3566 pe·

329 3587 463 3673 pererit,
490 3607 561 3652 cnm
584 3607 640 3652 eas
663 3585 838 3652 sententias
867 3586 959 3652 novis
989 3585 1095 3651 verbis
1125 3586 1210 3650 male
1239 3582 1469 3669 exprimendas

329 3691 494 3776 arriperet,
522 3691 611 3756 velut
632 3691 686 3772 IV,
714 3693 862 3754 aro-29
893 3688 958 3772 (cfr.
984 3711 1039 3773 pg.
1065 3693 1133 3767 73).

416 3795 514 3860 Nulla
534 3794 632 3878 igitur
654 3793 768 3858 harum
791 3793 1052 3877 explicationem,
1078 3813 1163 3875 quae
1184 3791 1227 3857 ad
1242 3797 1371 3876 poetam
1387 3810 1469 3856 auo-

329 3908 430 3965 torem
452 3905 608 3983 spectant,
634 3897 680 3963 ita
700 3903 886 3982 comparata
908 3902 966 3976 est,
993 3901 1029 3961 ut
1044 3916 1155 3962 omnes
1176 3894 1363 3961 iterationes
1378 3913 1469 3958 com-

329 4001 518 4089 prehendat.
558 4002 633 4087 Ipse
656 4002 820 4067 meliorem
843 4000 985 4085 reperire
1007 4020 1071 4066 non
1094 3999 1184 4086 potui
1206 4017 1310 4080 neque
1333 3996 1471 4081 reperiri

331 4127 427 4192 posse
449 4115 541 4192 put0;
568 4125 678 4189 quare,
705 4125 777 4170 cum
799 4105 840 4170 ab
863 4103 929 4168 alia
944 4102 1068 4168 ratione
1084 4120 1274 4186 progressus
1290 4119 1347 4166 eas
1362 4099 1471 4185 expli-

332 4233 407 4278 care
429 4211 579 4292 conabor,
607 4209 786 4274 temeritate
808 4206 892 4273 trahi
915 4227 979 4272 non
1001 4206 1144 4273 videbor.

416 4313 573 4378 Existimo
597 4312 683 4378 enim
706 4312 888 4377 abucretio
911 4311 983 4394 ipsc
1005 4329 1130 4394 paucas
1154 4307 1341 4373 iterationes
1364 4307 1471 4371 iactas
