3304 4928
600 498 643 508 -
690 459 785 544 [uo]
833 499 875 508 -
1266 461 1307 526 31

256 653 375 720 Contra
402 651 437 736 ἐξ
459 644 501 722 οὗ
524 656 649 738 saepius
672 655 860 739 iis'quoque
883 655 962 721 locis
984 661 1170 740 usurpatur,
1196 656 1312 741 quibus

166 753 226 844 ἀφ’
250 750 291 827 οὗ
311 761 436 846 legibus
459 762 599 828 metricis
621 784 684 828 non
708 769 849 828 natatur:

211 868 355 953 Aeschyl.
380 867 465 934 Pers.
490 870 555 934 762
579 867 614 951 ἐξ
636 858 714 935 οὗτε
733 862 832 956 τιμὴν
850 861 933 948 Ζεὺς
951 864 1037 952 ἄναξ
1052 863 1147 958 τήνδ’
1166 865 1312 950 ὤπασεν,

212 975 341 1041 Eumen.
365 975 408 1040 25
432 974 468 1058 ἐξ
490 965 568 1041 οὗτε
592 972 740 1060 Βάκχαις
763 973 1002 1065 ἐστρατήγησεν
1025 973 1117 1058 θεός,

213 1081 308 1165 Soph.
332 1082 444 1148 Trach.
468 1083 511 1149 38
535 1081 572 1164 ἐξ
593 1072 635 1149 οὗ
657 1075 719 1169 γὰρ
743 1079 823 1150 ἔκτα
846 1097 957 1162 κεῖνος
979 1077 1103 1168 Ἰφίτου
1124 1086 1212 1166 βίον,

212 1188 298 1255 Aine
324 1190 408 1256 1337
434 1187 470 1272 ἐξ
491 1179 533 1256 οὗ
555 1183 714 1278 ’κρότησα
735 1197 808 1256 τῶν
831 1183 1016 1276 Ἀχιλλείων
1040 1181 1168 1272 όπλοον,

213 1296 249 1362 Ο.
273 1297 309 1360 R„
336 1297 418 1364 1201
446 1295 482 1380 ἐξ
504 1286 545 1363 οὗ
568 1300 625 1362 καὶ
646 1291 799 1379 βασιλεὺς
822 1302 926 1378 καλεῖ,
1222 1291 1224 1298 “

213 1401 322 1488 Eurip.
345 1404 458 1471 Troad.
481 1407 503 1468 4
531 1403 566 1486 ἐξ
588 1393 629 1470 οὗ
651 1397 713 1492 γὰρ
737 1397 821 1490 ἀμφὶ
848 1401 949 1492 τήνδε
964 1479 966 1488 ¹
981 1398 1131 1493 Τρωικήν
1157 1404 1314 1496 podem),

258 1511 371 1577 Nescio
389 1533 430 1578 an
449 1503 552 1578 eidem
570 1512 744 1580 temeritati
762 1511 880 1580 Suidae
903 1513 1078 1580 debeantur
1097 1517 1314 1600 corruptiones

259 1640 286 1684 r.
310 1620 352 1684 49
377 1637 445 1686 τισι
466 1641 524 1704 pro
548 1613 680 1706 ἄκροισι
703 1626 736 1686 et

259 1748 286 1791 v.
312 1727 375 1792 104
398 1722 520 1813 θύραις
542 1749 600 1811 pro
623 1722 773 1813 βύρσαις;
801 1727 906 1812 priore
930 1728 1012 1794 euim
1035 1727 1103 1794 loco
1126 1731 1315 1815 scripturam
1414 1763 1416 1768 ·

170 1833 338 1916 genuinam
369 1833 588 1900 oblitteratam
618 1833 714 1900 fuisse
744 1834 916 1900 uerisimile
950 1837 1047 1920 esar),
1079 1857 1173 1921 qnam
1200 1837 1315 1904 Suidas

171 1940 351 2005 coniectura
377 1940 553 2024 Byzantiuo
580 1941 784 2024 compilatore
813 1942 910 2025 digna
936 1947 970 2007 et
996 1941 1097 2008 inuit-0
1125 1950 1226 2010 metro
1249 1963 1315 2012 τισι

172 2047 284 2111 uocnla
307 2047 434 2131 explere
457 2069 519 2113 non
542 2046 716 2125 dubitauit3
739 2049 840 2112 altero
859 2047 927 2113 loco
946 2070 1017 2113 cum
1035 2048 1166 2116 Suidam
1183 2050 1316 2117 facetiae

172 2153 394 2238 Aristophanis
430 2155 599 2220 coriarium
634 2175 711 2222 noce
746 2149 882 2239 βύρσαις
918 2154 1125 2239 significantis
1161 2157 1316 2243 fugerent,

172 2260 282 2326 inuitis
305 2261 443 2326 numeris
461 2257 593 2346 θύραις,
614 2261 700 2345 qnod
718 2261 758 2327 ab
778 2262 902 2328 actione
920 2284 983 2327 non
1002 2265 1096 2348 plane
1114 2264 1317 2343 abhorrebat,

173 2367 291 2433 comico
315 2367 493 2433 inculcauit

264 2598 448 2684 Sequuntur
474 2621 531 2666 eae
558 2600 657 2665 falsae
683 2601 859 2684 scripturae
886 2600 1001 2686 quibus
1028 2601 1189 2669 oculorum
1212 2623 1318 2670 errore

176 2707 326 2790 deceptus
349 2705 463 2772 Suidas
491 2707 606 2772 librum
635 2729 726 2772 suum
748 2707 830 2773 male
853 2709 1004 2792 depinxit.
1050 2706 1151 2794 Saepe
1174 2710 1257 2776 enim
1280 2731 1318 2776 ex

176 2813 294 2880 scholio
326 2813 378 2879 uel
409 2814 568 2898 adscripto
600 2814 652 2878 uel
684 2815 896 2898 superscripto
929 2814 1042 2882 Suidas
1075 2815 1229 2900 glossema
1260 2839 1318 2902 pro

174 2922 311 3004 genuina
330 2920 488 3006 scriptura
501 2923 533 2984 in
553 2921 684 2987 schedas
704 2922 927 3006 transmigrare
946 2923 1046 2999 iussit,
1063 2922 1163 2988 ueluti
1183 2924 1215 2989 in
1233 2944 1260 2988 r.
1275 2923 1318 2988 62

354 3021 373 3093 ό
398 3027 433 3093 δὲ
457 3019 503 3106 ὡς
527 3020 590 3117 ὁρᾷ
611 3023 872 3113 μεμακκοακότα
889 3022 951 3094 τόν
975 3025 1142 3116 δεσπότην

174 3133 276 3199 uerba
307 3126 369 3200 τόν
402 3130 570 3222 δεσπότην
601 3135 642 3200 ad
670 3135 987 3202 cneumscribendum
1014 3157 1184 3222 pronomen
1213 3128 1318 3203 αὐτόν

176 3240 312 3323 margini
334 3243 489 3307 adnotata
511 3263 569 3326 pro
592 3243 729 3325 genuina
752 3243 887 3309 lectione
909 3244 1083 3327 descripsit.

266 3347 347 3412 Item
369 3349 402 3414 in
425 3370 452 3413 r.
477 3349 555 3413 247:

222 3465 314 3532 ποτε,
343 3466 420 3519 παῑε
447 3447 510 3520 τόν
538 3447 710 3543 ἀλιτήριον
736 3457 793 3522 καὶ
816 3463 1010 3542 πανοῦργον
1033 3459 1090 3522 καὶ
1111 3455 1318 3543 ταραξιππό-

762 3580 905 3649 στρατον

176 3690 240 3734 uox
263 3659 447 3756 ἀλιτήριον,
476 3690 556 3752 quae
584 3670 625 3734 ad
649 3669 868 3754 explicandum
890 3677 1085 3757 πανοῦργον
1108 3674 1321 3758 superscripta

178 3783 255 3853 erat
277 3777 389 3842 addita
411 3777 468 3840 καὶ
491 3776 647 3860 particula
667 3777 701 3842 in
724 3783 845 3844 textum
868 3779 993 3844 inuasit.

178 3966 391 3975 ——ffl

252 4081 271 4147 ¹)
291 4070 375 4146 11ξοῦ
398 4087 487 4133 metro
510 4078 653 4149 flagitatur
670 4081 744 4150 apud
762 4079 929 4151 Aeschylum
949 4096 1100 4150 nunquam,
1124 4083 1198 4153 apud
1216 4085 1320 4155 Sopho-

180 4167 251 4222 clem
269 4169 347 4224 Aiac.
367 4171 418 4224 661
443 4165 501 4239 ἐγὼ
521 4165 577 4240 γὰρ
596 4167 627 4236 ἐξ
646 4160 679 4224 οὗ
701 4172 775 4240 χειρὶ
795 4164 870 4224 τοῦτ’
889 4164 1041 4238 ἐδεξάμην,
1065 4172 1139 4241 apud
1157 4173 1319 4244 Euripidem

180 4256 282 4310 Electr.
307 4259 377 4313 1279
403 4255 552 4321 Μενέλαος
576 4254 608 4324 ἐξ
631 4249 664 4313 οὗ
686 4255 814 4330 Τρωικὴν
838 4249 896 4313 τῖλε
919 4253 1025 4328 χθόνα,
1051 4259 1172 4316 Cretens.
1197 4262 1247 4332 lrg.
1268 4265 1320 4319 457

179 4337 269 4415 ἁγνὸν
286 4345 316 4399 a
335 4347 399 4417 βίον
417 4347 548 4410 τείνσιιεν
568 4343 600 4412 ἐξ
618 4337 652 4401 οὗ
671 4343 737 4411 Διὸς
755 4344 852 4402 ’soalon
870 4341 977 4416 μύστης
995 4342 1125 4418 γενόμην.

252 4428 661 4504 Ι)11111111110111107ιιροισι
681 4437 804 4492 codicum
824 4443 982 4506 corruptum
1002 4451 1061 4492 esse
1085 4440 1239 4507 suspicatus
1258 4457 1321 4510 pro-

181 4531 298 4592 poneret
316 4527 460 4594 οαθροῐσι,
480 4523 575 4577 dubito
594 4541 657 4578 num
676 4535 752 4580 recte
772 4527 944 4581 indicauerit.
