3280 4934
315 334 358 398 ea
747 371 787 382 -
836 333 932 418 [rae]
979 372 1017 383 .-

314 531 456 614 quamuis
478 529 615 596 monitus
637 529 678 595 ab
702 529 825 614 eisqui
849 493 1080 595 insidiabantur
1103 531 1149 596 rei
1171 528 1326 613 publicae,
1348 535 1453 594 tamen

314 659 371 704 nec
394 639 547 704 concessit
570 637 615 703 eis
638 658 696 702 neo
718 658 826 702 eorum
853 642 960 720 partes
983 643 1108 704 secutus
1131 642 1193 714 est,
1220 638 1274 720 qui
1297 637 1455 720 principes

314 743 383 810 fieri
410 744 593 822 studebant,
624 745 680 810 sed
712 766 770 828 pro
799 743 1038 812 Atheniensium
1069 745 1171 810 salute
1203 744 1333 808 interire
1361 765 1456 827 quam

314 851 472 917 civitatem
508 851 541 916 in
577 852 761 916 servitutem
797 851 959 918 redactam
995 853 1101 920 ridere
1138 851 1257 918 maluit.
1313 851 1455 934 Denique

315 958 482 1024 Euaretem
505 959 590 1043 quod
614 959 653 1024 de
676 959 789 1024 ceteris
812 965 937 1026 constat
958 960 1093 1044 triginta
1115 960 1191 1026 viris
1213 961 1278 1024 iam
1300 957 1455 1032 institutis

314 1066 540 1150 interemptum
564 1087 631 1132 esse
654 1086 750 1148 supra
772 1066 1051 1150 comprobavimus.

404 1172 646 1238 decoratissime
669 1171 767 1256 igitur
790 1173 949 1240 orationes
968 1173 1076 1239 XVIII
1095 1177 1127 1238 et
1144 1172 1224 1238 XIII
1247 1173 1455 1240 consentiunt.

315 1280 413 1363 Atqui
440 1280 473 1344 in
496 1301 539 1346 or.
561 1277 670 1344 XVIII
697 1278 776 1344 illud
800 1285 885 1346 certe
912 1281 997 1364 quod
1020 1281 1149 1347 Grotius
1177 1279 1268 1344 finxit
1291 1279 1455 1344 consilium

315 1408 419 1452 rerum
442 1387 562 1453 crdinIs
584 1385 801 1470 perturbandi,
823 1407 886 1469 quo
907 1389 1008 1472 magis
1030 1393 1184 1471 augeatur
1207 1388 1252 1452 rei
1277 1386 1377 1468 culpa,
1400 1405 1455 1450 ne-

316 1515 472 1578 quaquam
495 1492 592 1558 valet:
621 1514 695 1577 ergo
722 1515 762 1558 ne
789 1493 822 1557 in
849 1516 894 1560 or.
921 1495 1000 1560 XIII
1027 1494 1155 1577 quidem
1176 1494 1287 1579 Lysias
1314 1492 1455 1558 consulto

316 1600 397 1666 falsa
418 1621 476 1684 pro
499 1600 580 1666 veris
603 1599 711 1664 tradit.
757 1598 875 1678 Quodsi
898 1603 931 1664 iu
954 1622 998 1666 or.
1022 1601 1130 1667 XVIII
1154 1600 1306 1668 Eucratcs
1333 1622 1414 1666 unus
1438 1621 1456 1664 o

316 1707 448 1772 ducibus
474 1707 537 1772 illis
564 1713 639 1771 ante
666 1727 760 1771 naves
787 1708 935 1786 traditas,
966 1709 1000 1774 id
1027 1715 1075 1774 est
1101 1714 1175 1774 ante
1203 1730 1312 1792 pacem
1339 1707 1456 1772 factam

317 1820 427 1898 captus
454 1821 515 1892 est,
542 1814 575 1879 in
603 1837 647 1879 or.
670 1813 761 1897 XIII,
787 1815 825 1878 17
854 1813 951 1880 verba
980 1816 1059 1898 περὶ
1085 1822 1143 1902 τῆς
1176 1810 1306 1901 εἰρήνης
1332 1816 1457 1897 integra

317 1928 391 1987 sunt
413 1925 446 1986 et
468 1943 488 1986 a
510 1921 607 2005 Lysia
629 1923 698 2005 ipso
721 1923 846 2005 scrIpta.

860 2260 918 2344 IV.

407 2457 492 2537 Quae
520 2478 592 2522 cum
618 2457 665 2521 ita
691 2457 769 2534 sint,
799 2456 870 2539 ipsa
897 2454 1114 2533 fundamenta,
1146 2454 1260 2538 quibus
1291 2455 1352 2519 nisi
1384 2461 1457 2520 suut

319 2583 425 2628 omnes
453 2564 500 2628 illi
528 2564 587 2628 viri
614 2563 714 2640 docti,
745 2561 878 2627 disiecta
904 2567 984 2628 sunt.
1035 2561 1096 2626 Sed
1125 2581 1327 2645 quaecunque
1355 2561 1459 2626 adhuc

319 2669 477 2753 disputavi
500 2671 606 2736 omnia
623 2670 664 2734 ad
686 2668 818 2734 aliorum
838 2669 1011 2734 sententias
1031 2668 1215 2734 refutandas
1237 2669 1459 2752 pertinuerunt

318 2796 377 2840 nec
399 2797 471 2840 uero
494 2776 536 2841 ad
560 2773 771 2853 dlfficultates,
794 2797 872 2858 quas
892 2775 1032 2841 diversae
1051 2777 1248 2841 narrati0nes
1267 2775 1458 2859 Xenophon-

318 2882 360 2946 tis
380 2888 412 2946 et
430 2881 542 2967 Lysiae
560 2881 722 2968 praebent,
740 2883 951 2948 removendas.
980 2881 1157 2947 Videndum
1176 2883 1282 2966 igitur,
1302 2905 1377 2948 num
1395 2883 1459 2948 alio

319 2990 411 3055 modo
434 2990 575 3072 ‹puocatio
602 2991 764 3074 proposita
791 2989 868 3056 solvi
895 2989 1008 3074 possit:
1036 3009 1073 3054 ac
1096 2990 1199 3054 nescio
1222 3011 1262 3055 an
1290 2991 1459 3056 solvendae

319 3096 370 3161 via
393 3097 470 3162 satis
493 3096 624 3181 simplex
646 3101 763 3180 pateat

407 3203 563 3272 Nimirum
591 3224 688 3268 unum
714 3207 775 3280 est,
802 3203 834 3268 in
863 3223 925 3286 quo
953 3203 1155 3287 Xenophonti
1187 3204 1336 3288 maiorem
1364 3203 1459 3270 fidem

320 3332 413 3394 quam
431 3309 543 3395 Lysiae
565 3309 744 3375 habendam
767 3331 833 3376 esse
856 3332 947 3376 nemo
965 3309 1103 3394 negabit.
1141 3309 1222 3376 Nam
1241 3332 1311 3376 curn
1334 3312 1373 3376 de
1396 3331 1461 3374 una

320 3419 443 3481 tantum
471 3416 628 3500 legatione
655 3416 858 3483 Theramenis
885 3418 1034 3502 quuatur
1061 3416 1181 3501 Lysias,
1208 3418 1286 3484 duas
1313 3423 1460 3484 accurate

320 3523 441 3587 dirimit
467 3523 649 3608 Xenophon.
700 3524 804 3607 Atque
832 3522 926 3608 Lysia
952 3528 1081 3590 auctore
1112 3523 1167 3589 ubi
1200 3525 1297 3608 legati
1323 3525 1460 3609 primum

320 3650 339 3692 a
357 3627 613 3696 Lacedaemoniis
634 3629 768 3695 redemit
789 3651 899 3714 pacem
921 3652 959 3696 ea
976 3632 1158 3698 condicione
1181 3633 1248 3698 fore
1270 3631 1461 3708 nuntiantes,

320 3737 347 3799 si
369 3737 506 3802 maxima
526 3759 601 3821 pars
622 3757 782 3802 murorum
803 3736 969 3820 longorum
992 3739 1171 3804 dirueretur
1191 3737 1292 3826 (XIII,
1311 3741 1356 3826 8),
1378 3738 1461 3804 The-

321 3862 463 3908 ramenes
489 3843 590 3909 multa
615 3844 775 3928 pollicitus
803 3841 913 3921 efficit,
940 3851 977 3911 ut
1002 3845 1135 3912 arbitrio
1162 3867 1218 3912 suo
1245 3846 1351 3912 omnia
1377 3866 1461 3910 com-

254 3939 260 3957 '
320 3950 489 4014 mittantur
513 3953 634 4035 etipse
660 3942 863 4038 πρεσβευτὴς
886 3943 1104 4039 αὐτοκράτωρ
1115 3953 1140 4036 1)
1163 3954 1319 4030 mittatur,
1343 3952 1461 4017 deinde

321 4055 453 4140 Spartae
476 4078 533 4141 per
560 4058 686 4142 longum
708 4065 832 4143 tempus
859 4063 998 4123 moratus
1025 4059 1223 4126 condiciones
1250 4059 1336 4143 pacis
1364 4058 1461 4124 etiam

320 4163 496 4230 acerbiores
514 4171 664 4249 reportat
700 4165 748 4230 Ex
766 4167 889 4231 diverso
907 4165 991 4249 apud
1010 4166 1249 4252 Xenophontem
1268 4165 1324 4253 (II,
1343 4165 1388 4252 2),
1406 4165 1461 4250 qui

412 4398 431 4466 ¹)
450 4395 525 4462 XIII,
546 4397 579 4452 10
598 4389 713 4452 εἵλεσθε
732 4383 844 4452 ἐκεῖνον
862 4387 1040 4467 πρεσβευτὴν
1059 4389 1265 4468 αὐτοκράτορα.
