3280 4934
307 429 350 494 20
741 469 782 478 -
829 431 923 515 [aa]
972 469 1012 479 -

1249 486 1284 520 Η.

395 624 475 689 Nam
503 626 587 708 quod
611 625 724 691 Saldae
748 647 771 691 a
795 627 836 710 gl.
864 628 1022 712 Τρὶπαλαι
1045 649 1090 692 w.
1116 625 1290 691 1153-56
1314 623 1449 710 profert:

470 733 628 817 Τρλπαλαι
651 729 811 819 κάθημαι,
833 729 1039 818 βουλόμενός
1062 725 1095 799 o'
1118 725 1310 819 εὐεργετεῖν.

465 831 531 923 ἐγώ
555 840 590 904 δὲ
615 835 799 905 δεκάπαλαι

465 939 485 1033 ἢ
506 942 697 1030 χιλιόπαλαι
720 949 776 1012 καὶ
799 943 971 1033 πρόπαλαι
993 943 1097 1012 πάλαι
1119 940 1223 1012 πάλαι
1233 949 1269 1034 ¹),

466 1044 531 1138 lyei
555 1053 591 1119 δὲ
614 1050 891 1140 τρισμυριόπαλαι
915 1055 971 1118 καὶ
992 1050 1165 1138 πρόπαλαι
1187 1050 1291 1120 πάλαι
1314 1048 1429 1130 πάλαι,

306 1161 379 1227 hino
406 1183 469 1226 uon
496 1161 743 1226 concludendum
775 1167 824 1226 est
849 1184 885 1246 ys
913 1161 1100 1243 particulam
1126 1169 1162 1226 ut
1189 1161 1229 1226 Ri
1261 1161 1306 1225 sio
1333 1159 1452 1226 Suidae

303 1268 407 1335 oodici
436 1267 666 1352 Aristophaneo
695 1267 846 1346 delaisse3
878 1268 1041 1334 aberrauit
1068 1269 1151 1334 enim
1178 1267 1292 1334 Suidas
1324 1289 1344 1332 a
1374 1287 1452 1332 noos

308 1371 493 1439 δεκάπαλαι
524 1374 557 1437 in
585 1396 710 1440 uersum
739 1381 922 1458 sequentem
950 1381 982 1440 et
1013 1383 1124 1460 sponte
1155 1377 1283 1459 insuper
1315 1373 1453 1440 mutauit

306 1503 333 1546 v.
360 1481 444 1547 1156
468 1482 590 1546 omissis
612 1482 816 1566 προσδοκῶν
840 1487 872 1548 et
893 1505 929 1566 γε
952 1483 1091 1548 uocibus.

396 1589 475 1653 Cum
501 1593 608 1652 autam
636 1611 674 1652 ox
698 1589 745 1652 R³³
764 1590 851 1654 uitiis
879 1591 980 1654 multa
1006 1592 1060 1654 uix
1087 1590 1210 1654 librarii
1235 1589 1357 1654 incuria
1379 1593 1452 1654 orta

307 1717 374 1760 esse
401 1696 535 1779 possint,
568 1715 624 1759 neo
656 1716 725 1758 oum
753 1696 936 1761 Rauennate
969 1698 1037 1780 ipso
1069 1718 1127 1762 neo
1158 1719 1230 1761 eum
1256 1697 1452 1761 Rauennatis

307 1803 478 1885 archetypo
501 1801 567 1865 ulla
589 1799 744 1866 affinitate
767 1803 882 1868 Suidae
905 1804 1002 1868 oodex
1026 1805 1210 1870 coniunctus
1233 1809 1289 1869 ost.

842 1964 914 2046 si.

396 2085 539 2170 Denique
566 2087 606 2151 de
633 2089 739 2152 codiee
767 2086 1014 2154 Ambrosiano
1042 2087 1116 2174 (M)
1143 2109 1245 2171 pauca
1266 2088 1453 2154 disserenda

307 2201 388 2259 susat.
435 2195 482 2258 De
505 2215 567 2277 quo
590 2216 661 2259 eum
680 2195 869 2280 Volsonus²)
893 2195 971 2260 haee
992 2196 1187 2261 adnotassotz
1210 2201 1307 2278 atquo
1324 2197 1353 2260 is
1372 2195 1453 2260 tiber

308 2302 545 2384 dilipamtissime
566 2303 673 2383 piatus
701 2303 887 2384 pronissimi
908 2303 944 2366 iu
967 2303 1192 2368 conutituandis
1209 2307 1324 2383 pedae
1345 2302 1453 2367 uerbis

307 2413 351 2472 ast
374 2410 533 2488 metuenti,
556 2415 662 2489 utpote
686 2411 742 2491 qui
763 2411 934 2492 ponuinam
957 2409 1184 2489 Aristophanis
1206 2431 1335 2474 manum
1358 2430 1453 2490 saepo

307 2517 485 2580 seruauerit
504 2517 590 2580 sotus
608 2537 678 2580 oum
692 2517 890 2593 Rauennate,
911 2517 1070 2581 interatum
1089 2517 1238 2599 quamuis
1256 2538 1335 2582 raro
1354 2517 1452 2594 solus,

308 2623 478 2688 Solmeeius
487 2625 500 2661 ³
502 2641 514 2708 )
538 2629 566 2687 at
589 2622 666 2686 neila
688 2643 820 2704 quoque,
847 2624 958 2705 inquit,
982 2623 1057 2686 olim
1079 2644 1144 2687 non
1165 2643 1229 2688 esso
1246 2644 1340 2688 uana
1356 2623 1454 2689 huius

307 2731 518 2811 nianusoripti
545 2729 652 2811 ptoria
678 2729 848 2794 uidebatur
875 2731 923 2792 lta
950 2734 985 2794 ut
1013 2732 1108 2794 otiam
1135 2731 1397 2812 antiquissimam
1426 2732 1455 2794 ei

308 2839 460 2921 oripinem
488 2837 656 2902 uindicare
683 2857 748 2900 non
776 2836 961 2940 dolueram.
991 2837 1178 2940 'Profectus
1205 2839 1287 2900 onim
1316 2859 1402 2902 eram
1432 2861 1455 2902 a

883 2943 907 2994 ρ.
928 2941 1040 2994 spaera

308 3021 333 3062 o.
354 3003 425 3076 673,
444 2997 499 3061 ubi
519 2999 559 3062 M
570 2999 763 3078 scripturam
777 2943 908 3076 praelat
927 2994 1060 3081 ἐρρέτω.
1101 2995 1179 3060 (lum
1196 2998 1297 3081 ipitur
1317 2995 1454 3082 topiros,

309 3106 394 3188 qnod
426 3107 491 3168 iam
523 3103 695 3170 scholiasta
726 3105 761 3167 tu
793 3103 918 3186 aliquot
950 3103 1180 3184 aamnptaribus
1212 3103 1273 3186 topi
1306 3109 1452 3184 testatur,

249 3287 255 3294 ,
308 3213 398 3293 apud
421 3213 557 3278 Suadam
580 3215 722 3276 nostrum
744 3229 871 3274 norsum
894 3209 1079 3275 laudantem
1101 3211 1291 3290 reperiatur,
1322 3233 1455 3295 eumque

307 3323 438 3401 Insuper
469 3317 634 3384 nonnullis
666 3317 742 3382 locis
774 3339 843 3382 aum
875 3313 979 3382 Satala
1011 3319 1052 3380 M
1078 3317 1173 3380 codex
1206 3319 1382 3398 concordet,
1419 3321 1455 3382 in

307 3433 437 3492 montem
463 3426 541 3489 milti
567 3426 654 3489 uenit
681 3425 861 3490 coauctam
888 3423 1135 3489 Ambrosianum
1160 3424 1300 3504 sortasse
1327 3447 1366 3490 ea·
1394 3425 1454 3491 illo

308 3535 388 3600 libro
410 3533 560 3598 haustum
588 3553 664 3610 esse,
695 3552 757 3614 quo
785 3531 852 3612 ipse
879 3527 1000 3596 Sutatas
1022 3550 1100 3595 usus
1127 3535 1212 3596 osset.
1259 3533 1455 3598 stauratius

308 3647 414 3708 tamon
437 3639 644 3705 Ambrosiam
670 3638 846 3702 examinati
873 3641 902 3700 ot
929 3657 998 3700 aum
1026 3637 1134 3700 catoris
1161 3636 1253 3702 libris
1276 3641 1456 3719 comparat-i

303 3769 439 3830 prorsas
466 3749 594 3812 inanem
621 3751 649 3809 et
676 3745 829 3809 caducam
861 3743 1081 3808 auctoritatam
1107 3743 1264 3825 fidensque
1291 3765 1355 3810 essa
1377 3767 1455 3827 per.

307 3858 403 3937 spani.
450 3853 595 3919 Potestm
618 3853 718 3937 ipitur
741 3873 775 3916 ro
797 3871 877 3914 uara
901 3848 1030 3931 aliquid
1052 3871 1089 3914 aa
1107 3851 1268 3934 sinputam‘
1284 3853 1350 3916 ista
1368 3853 1455 3918 leoti-

308 3984 365 4026 oue
402 3961 526 4047 ἐρρέτω
562 3959 671 4044 esfipt?
725 3958 827 4024 Immo
863 3954 929 4020 soto
965 3974 1042 4019 casu
1080 3961 1150 4020 orta
1183 3962 1235 4021 ost.
1292 3957 1456 4066 Scriptum

307 4125 389 4188 onim
413 4128 495 4200 erat,
526 4122 612 4205 quod
638 4141 723 4186 nuno
747 4119 826 4184 tiber
850 4115 1036 4196 rpraeta,
1061 4118 1097 4179 in
1120 4044 1456 4205 aretatiinonilpiiiliii:

381 4321 398 4382 ¹]
419 4310 436 4386 ἢ
455 4319 502 4371 καὶ
522 4315 631 4379 ΒΕΟΜ,
652 4309 772 4369 ἔκπαλαι
792 4317 854 4382 post
874 4303 1017 4380 πρόπαλαι
1036 4309 1161 4364 additum
1182 4311 1271 4366 estin
1292 4311 1400 4367 BECM.

381 4405 401 4472 'l
419 4405 536 4476 praelat.
557 4405 592 4460 ad
610 4403 661 4474 aq.
682 4421 726 4473 pg.
745 4401 821 4458 VIII.

380 4497 401 4564 ³)
421 4514 464 4566 ns·
484 4499 508 4551 9-
