3304 4928
333 413 375 480 ca
705 477 707 482 ,
770 453 813 463 -
860 416 955 500 [212]
1003 454 1041 464 -

420 609 522 675 Simili
545 608 638 674 modo
660 607 775 674 Suidas
796 611 903 676 uicina
925 612 1034 695 aliqua
1056 611 1170 676 uocula
1186 609 1343 676 abductus
1361 609 1484 675 errauit

330 716 413 781 inv.
440 715 517 781 139:
553 707 660 781 Οὐδὲν
689 710 751 801 γάρ
775 714 838 780 εἱσι
865 708 954 803 πλὴν
982 717 1159 782 Ποσειδῶν
1186 717 1241 781 καὶ
1271 712 1396 804 σκάφη,
1426 715 1482 780 obi

329 842 391 887 uox
415 819 478 887 εἰσι
499 843 560 905 pro
582 819 681 905 ἐσμὲν
703 824 811 888 uersui
834 823 1036 906 praecedenti
1059 823 1202 890 debetur.

418 929 499 994 ltom
522 929 555 994 in
578 951 606 994 v.
625 927 689 994 688
712 920 758 992 ἵν’
777 921 919 1013 ὄζωμεν,
943 951 1006 995 uox
1029 925 1085 996 ἵνα
1107 949 1165 1013 pro
1190 921 1236 1006 ὡς
1258 919 1300 992 άν
1324 949 1364 993 sx
1385 949 1483 994 uersu

329 1037 383 1118 qui
406 1036 549 1120 proxime
572 1036 728 1120 sequitur:
760 1041 824 1099 νῦν
846 1029 932 1122 πρὸς
956 1028 1005 1120 ἔμ’
1028 1035 1090 1100 ἰ’τω
1113 1059 1177 1115 τις,
1201 1033 1256 1100 i'va
1280 1039 1349 1099 κτλ.
1374 1041 1482 1100 trans·

328 1142 489 1224 migrauit.

417 1249 524 1314 Etiam
547 1248 580 1312 in
604 1269 650 1312 vr.
677 1248 740 1313 795
766 1249 830 1313 796

785 1364 877 1459 ἡμεῖς
901 1365 935 1437 δ’
958 1365 1060 1438 οὐδὲν
1082 1362 1185 1460 ἧττον
1301 1451 1305 1458 ,

586 1485 648 1544 τοῦ
671 1480 890 1556 Μελανίωνος
914 1479 1185 1564 σωφρονέστεροι

330 1599 600 1688 σωφρονέστεροι
617 1624 675 1687 pro
695 1600 727 1667 oi
746 1599 920 1688 σώφρονες
934 1627 973 1669 ex
987 1605 1092 1688 glossa
1106 1611 1212 1670 ortum
1227 1611 1285 1682 ost,
1303 1625 1367 1687 qua
1379 1602 1481 1669 uorba

330 1703 430 1776 οὐδὲν
453 1709 557 1795 ἦττον
580 1706 613 1775 οὶ
637 1703 811 1794 σώφρονες
834 1710 990 1794 quispiam
1016 1710 1273 1777 circumscribere
1296 1709 1479 1776 conabatur.

417 1921 561 2008 Denique
583 1922 765 1989 afferendae
788 1929 862 1989 sunt
885 1945 941 1990 eae
965 1923 1141 2008 scripturae
1163 1924 1282 2001 uariae,
1305 1945 1383 2010 quas
1406 1921 1481 1988 Sui-

329 2029 402 2095 dam
425 2029 459 2094 in
481 2029 551 2114 ipso
570 2050 616 2107 eo,
639 2050 701 2112 quo
720 2029 880 2108 utebatur,
903 2031 1011 2096 codico
1034 2031 1213 2096 fabularum
1233 2031 1481 2114 Aristophanen-

327 2157 399 2202 rnm
421 2138 579 2202 inuenisse
601 2136 773 2202 uerisimile
796 2144 853 2204 ost.

419 2245 465 2308 Ac
491 2245 627 2327 primum
650 2244 778 2325 quidem
802 2243 916 2310 Suidas
938 2246 1107 2328 genuinam
1131 2242 1353 2328 Aristophanis
1381 2244 1481 2326 scrip-

328 2355 433 2414 turam
456 2351 589 2415 retinuit
611 2350 645 2415 in
668 2371 696 2414 v.
719 2349 785 2414 694
809 2342 911 2416 άιτόν
934 2357 966 2416 ot
988 2352 1022 2415 in
1044 2373 1071 2415 v.
1096 2352 1158 2416 701
1186 2345 1330 2433 ἑταίραν.
1466 2397 1479 2424 ,

416 2455 497 2520 Tum
524 2478 570 2521 vv.
598 2455 784 2521 543-548
813 2456 1031 2540 anapaestioos
1055 2455 1212 2540 Reisigins
1224 2458 1249 2542 ¹)
1278 2455 1377 2521 Suida
1402 2476 1480 2538 pro-

327 2563 458 2627 aisss'mo
481 2567 555 2627 teate
577 2583 652 2627 usus
675 2563 720 2628 sic
743 2563 869 2627 restitui
892 2562 998 2627 iussit:

701 2684 810 2752 ἐθέλω
835 2678 869 2751 δ’
892 2685 947 2752 ἐπὶ
970 2693 1040 2750 πᾶν

462 2790 547 2855 ἰέναι
570 2783 653 2874 μετά
676 2791 786 2857 τῶνδέ
806 2815 843 2877 γε
852 2794 880 2878 ²)
903 2799 962 2879 τῆς
971 2795 998 2873 ³)
1023 2785 1141 2879 άρετῆς
1259 2877 1262 2884 Ι

700 2889 787 2981 ἕνεχ’
811 2892 862 2974 αῖς
886 2895 936 2962 ἔνι
959 2895 1068 2980 φύσις,

461 3000 511 3067 ἔνι
528 2998 704 3086 θράσος4),
728 2999 778 3066 ἔνι
797 3003 833 3068 δὲ
853 3001 974 3087 σοφόν,
998 3001 1048 3069 ἔνι
1069 3005 1140 3090 άὲῡ)
1164 2999 1345 3086 φιλόπολις

699 3101 800 3195 άρετὴ
824 3107 997 3195 φρόνιμος.

327 3233 442 3298 Omisit
476 3231 576 3314 igitur
607 3231 764 3316 Reisigins
802 3233 937 3299 testibus
969 3233 1070 3300 Suida
1100 3235 1260 3320 Zonara⁶)
1298 3234 1480 3301 Phanorino

327 3335 377 3402 ἔνι
398 3334 492 3424 χάρις
515 3345 589 3404 ante
613 3334 662 3403 ἔνι
683 3335 813 3423 θράσος
832 3342 865 3404 in
884 3340 1045 3407 codicibus
1065 3325 1308 3425 Aristophanois
1326 3343 1480 3427 positnm3

326 3445 410 3509 idom
433 3445 553 3526 placuit
575 3445 809 3531 Westphalio⁷)
837 3452 871 3511 et
894 3447 932 3511 H.
956 3446 1184 3534 Schmidtion,
1210 3467 1275 3512 non
1298 3447 1374 3512 item
1398 3447 1480 3514 Her-

325 3571 440 3616 manno
449 3551 477 3635 ⁹)
501 3549 665 3618 Dindorfio
689 3551 821 3635 Engcro.
957 3567 959 3574 ·

327 3679 540 3686 --—-—-——-

399 3749 418 3813 ¹)
437 3745 572 3800 Coniectt.
592 3763 636 3816 pg.
656 3749 716 3802 202.

397 3833 418 3900 Ι)
438 3829 520 3888 τῶνδ’
539 3835 565 3890 S.

397 3923 418 3988 ⁸)
437 3925 486 3991 τῆς
505 3922 567 3977 add.
588 3923 734 3993 Reisigius.

397 4010 418 4075 ⁴)
438 4003 478 4064 ἔνι
499 4004 609 4080 θράσος
628 4012 707 4066 deest
725 4013 758 4067 V.

396 4097 417 4166 ⁵)
437 4097 466 4151 δὲ
487 4099 560 4166 apud
579 4099 690 4154 Suidam
712 4105 777 4155 ante
797 4095 907 4172 θράσος
926 4101 1088 4155 collocatum
1108 4109 1158 4157 est.

396 4187 416 4246 ο)
437 4187 449 4239 1
469 4204 513 4255 pg.
533 4187 593 4242 748.

396 4275 417 4341 ⁷)
437 4275 472 4328 de
490 4291 520 4329 ro
540 4281 618 4329 metr.
638 4275 679 4330 11¹
697 4277 757 4332 438.

397 4349 418 4426 ⁸)
437 4361 471 4414 do
490 4369 638 4418 metrorum
659 4364 857 4434 compositione
876 4381 920 4434 ος.
942 4365 1058 4420 CCXIV.

397 4449 417 4514 ⁰)
435 4449 552 4505 Elemm.
572 4451 658 4507 doctr.
677 4461 755 4507 metr.
775 4455 836 4512 383.
