3310 4932
795 416 988 474 -6-

326 596 443 662 fectum
472 616 546 663 esse
576 598 737 664 existimet
775 607 910 682 ,quaest
942 600 1087 664 Lauban.
1120 600 1169 680 ll,
1199 619 1253 682 pg.
1279 602 1298 662 9
1326 618 1374 680 sq.
1405 597 1466 662 eir.

324 718 432 782 annal.
458 716 570 801 philol.
590 721 642 796 67,
667 741 721 804 pg.
742 723 803 784 664
821 739 868 803 sq.
895 720 936 784 N.
956 720 993 784 B.
1014 740 1069 803 pg.
1089 724 1108 782 4
1126 721 1225 803 sqq.).
1266 717 1326 784 Cui
1347 716 1471 784 Pollius

325 836 480 904 adsentiri
502 837 630 904 videtur
658 838 723 924 (eir.
749 860 832 923 quae
854 839 896 906 ad
919 841 957 921 V,
980 842 1127 906 128-32
1151 837 1283 904 adnotat
1306 836 1465 920 Philolug.

329 959 449 1038 XXVI,
468 980 521 1043 pg.
541 962 630 1042 345).
670 959 756 1037 Quid
771 981 832 1044 ego
848 960 889 1026 de
905 981 945 1026 ea
959 981 994 1026 re
1010 961 1157 1042 sentiam,
1177 959 1262 1026 inira
1277 979 1466 1044 proponam.

413 1078 533 1144 Contra
554 1079 724 1146 Eduardus
747 1081 869 1146 Goebel
895 1081 929 1146 in
952 1079 1241 1148 Observationibus
1266 1079 1470 1145 Lucretianis

329 1199 457 1266 Bonnae
483 1203 564 1264 1854
588 1201 760 1283 contendit,
786 1223 869 1285 quae
892 1223 978 1268 nuno
1002 1202 1034 1267 in
1057 1201 1252 1269 carminibus
1274 1202 1392 1268 iterata
1407 1221 1469 1267 ex-

327 1327 422 1402 stent,
448 1341 512 1386 non
535 1321 699 1388 minimam
722 1329 846 1407 partem
869 1325 910 1389 ab
933 1324 988 1389 illo
1012 1325 1131 1390 leotore
1155 1322 1344 1408 philosopho
1359 1321 1468 1388 Laeb-

328 1441 500 1508 manniano
533 1442 644 1508 addita
673 1463 755 1510 esse.
808 1445 921 1528 Neque
955 1451 1062 1510 tamen
1100 1445 1173 1528 plus
1206 1449 1354 1528 quattuor
1386 1441 1469 1508 loeis

328 1563 489 1629 tractavit.

414 1685 493 1748 Item
517 1684 698 1750 Friderious
721 1686 891 1752 Neomann
914 1685 947 1750 in
971 1683 1208 1765 dissertatione,
1235 1704 1330 1768 quam
1352 1682 1469 1749 dein·
1519 1749 1525 1758 ,

329 1803 593 1887 terpolationibus
623 1805 824 1872 Lucretianis
854 1806 946 1872 Halis
977 1809 1059 1870 1875
1090 1804 1209 1886 edidit,
1242 1809 1366 1889 partem
1394 1823 1470 1868 ver·

329 1944 419 1990 suum
442 1925 648 2009 repetitarum
672 1927 814 2006 seclusit,
839 1925 898 1993 sed
921 1946 1024 2010 neque
1047 1927 1088 1993 de
1110 1926 1257 1993 omnibus
1281 1925 1349 2010 egit
1363 1945 1469 2008 neque

329 2050 433 2110 certas
456 2045 596 2112 rationes
619 2053 749 2112 seoutus
772 2055 832 2114 est.

414 2167 578 2232 Postremo
594 2167 749 2234 Aemilius
764 2168 888 2234 Hallier
912 2167 1062 2250 (Lucretii
1085 2164 1227 2232 earmina
1243 2186 1262 2231 e
1277 2164 1470 2248 fragmentis

330 2286 532 2370 Empedoclis
555 2286 756 2353 adumbrata.
802 2291 902 2355 lenae
928 2291 1019 2368 1857)
1047 2288 1080 2353 in
1103 2286 1326 2353 iterationibus
1348 2285 1469 2351 Luere-

330 2406 408 2470 tium
425 2407 628 2490 Empedoclis
651 2408 684 2472 in
707 2407 820 2492 primis
843 2407 1104 2474 consuetudinem
1127 2405 1285 2472 imitatum
1301 2425 1374 2472 esse
1390 2425 1470 2470 eeu-

330 2526 404 2591 suit.
452 2525 545 2604 Quod
568 2549 669 2612 neque
692 2529 807 2594 eeteris
829 2548 933 2612 neque
955 2526 1034 2593 mibi
1062 2527 1131 2612 (eir.
1157 2548 1212 2612 pg.
1240 2530 1259 2591 9
1282 2529 1365 2612 sqq.)
1392 2546 1470 2611 per-

330 2645 442 2712 suasit.

416 2767 466 2832 Ex
489 2768 540 2835 his
569 2789 651 2852 quae
682 2769 810 2836 narravi
838 2775 973 2854 apparet
1002 2790 1065 2836 nou
1093 2789 1165 2834 esse
1192 2787 1469 2852 supervacaneum

330 2887 414 2954 bano
435 2888 477 2954 de
498 2889 623 2954 iteratis
647 2891 794 2956 versibus
817 2889 1016 2955 Lueretiauis
1044 2887 1261 2972 quaestionem
1291 2893 1392 2952 totam
1415 2905 1470 2951 re-

330 3014 450 3091 petere.
498 3008 549 3073 Ad
578 3030 673 3092 quam
702 3031 773 3074 eum
803 3010 866 3074 iarn
897 3008 1068 3086 assedam,
1105 3007 1138 3072 id
1168 3007 1270 3073 solum
1301 3011 1401 3072 restat
1434 3012 1471 3070 ut

331 3127 492 3194 Guilelmu
508 3127 707 3195 Studemuud
727 3129 847 3213 gratias
870 3149 976 3212 agam,
1003 3127 1058 3210 qui
1082 3133 1117 3191 ut
1138 3126 1266 3192 omniuo
1289 3123 1329 3190 de
1353 3123 1470 3189 studiis

332 3249 410 3313 meis
426 3249 472 3314 ita
487 3249 527 3316 de
543 3249 602 3316 buo
618 3250 728 3315 libello
743 3250 881 3315 maxime
904 3249 1034 3314 meritus
1058 3255 1116 3314 est.
1158 3247 1220 3325 Qui
1238 3265 1432 3329 quamquam
1448 3265 1471 3310 a

333 3375 398 3434 toto
415 3369 509 3436 buius
525 3370 624 3436 libelli
642 3371 776 3436 oonsilio
791 3370 1012 3451 dissentiebat,
1036 3375 1142 3434 tamen
1163 3366 1359 3452 quaestionis
1381 3373 1473 3432 certa

332 3490 457 3557 ratione
480 3510 518 3556 ao
540 3490 594 3555 via
616 3490 833 3556 instituendae
855 3497 964 3555 auotor
986 3511 1024 3556 ao
1047 3489 1114 3554 dux
1136 3488 1205 3553 fuit.
