3280 4934
344 451 385 518 18
775 485 818 494 —
865 445 960 529 [162]
1009 482 1049 492 —

343 648 501 716 codicibus
529 647 691 712 Ρ-ΑΓΘΔ
722 642 895 730 admissa1)
923 649 955 709 et
986 643 1068 708 uitia
1093 645 1240 708 uniuerso
1271 641 1346 706 huic
1377 639 1486 724 generi

350 757 556 828 V-P-Ared
573 753 784 838 communia’)
804 749 953 816 aSuidae
972 750 1079 816 codice
1093 751 1220 816 omnino
1234 747 1350 815 afuisse
1364 767 1485 813 moneo.

431 863 519 928 Duos
546 867 670 926 tantum
684 861 779 944 ¹locos
801 859 852 925 his
876 879 1034 943 opponere
1057 859 1145 924 licet:
1176 857 1323 941 Legimus
1346 856 1428 920 enim
1451 855 1485 918 in

343 995 369 1038 v.
393 971 459 1038 924
486 969 571 1054 apud
596 967 726 1034 Suidam
754 962 935 1050 ἰπούμενος
960 978 1032 1043 ταῖς
1060 976 1259 1052 συμφοραῖς,
1286 964 1338 1030 cui
1364 960 1485 1030 similli-

344 1101 429 1144 mum
451 1078 485 1141 in
508 1077 539 1142 A
561 1076 678 1160 legitur
706 1069 900 1158 ἰπιούμενος
908 1073 936 1162 ³)
959 1084 1032 1151 ταῖς
1061 1085 1260 1159 συμφοραῖς,
1288 1091 1360 1137 oum
1387 1067 1485 1134 ceteri

344 1187 467 1250 codices
491 1181 712 1266 Aristophanis
739 1176 919 1265 ἰπούμενος
945 1191 1018 1259 ταῖς
1046 1178 1216 1263 εἰσφοραῖς
1239 1177 1423 1254 exhibeam
1450 1181 1485 1239 at

343 1291 442 1358 uerba
464 1285 644 1374 ἰπούμενος
667 1302 737 1366 ταῖς
756 1301 941 1373 συμφοραῖς
964 1293 1145 1372 comparent
1167 1287 1263 1352 etiam
1280 1285 1364 1370 apud
1382 1283 1485 1367 Etym.

344 1399 407 1484 Mg.
429 1398 509 1474 473,
536 1397 593 1462 31:
621 1398 679 1460 καὶ
708 1386 954 1482 Ἀριστοφάνης·
987 1390 1168 1479 ἰπούμενος
1199 1405 1271 1470 ταῖς
1299 1402 1485 1477 συμφοραῖς

345 1515 378 1572 et
404 1506 489 1589 apud
512 1505 666 1570 Zonaram
688 1525 711 1568 s.
734 1524 760 1568 v.
783 1493 973 1587 Ἰπούμενος
1002 1502 1046 1588 (Ι,
1076 1502 1189 1588 1118);
1218 1500 1301 1585 apud
1325 1497 1483 1565 Pollucem

345 1613 479 1696 denique
503 1609 590 1696 (Vll,
611 1609 670 1697 41)
692 1609 771 1675 haec
792 1609 953 1694 leguntur:

673 1712 791 1794 δώσεις
814 1715 887 1800 ἐμοὶ
908 1707 1015 1803 καλὴν
1040 1717 1145 1804 δίκην,

673 1819 854 1908 ἰπούμενος
875 1835 948 1901 ταῖς
971 1835 1164 1911 συμφοραῖς.

351 1923 586 2017 Ἀριστοφάνης
610 1926 679 1997 πού
702 1947 797 2017 φησι,
824 1932 881 1995 καὶ
904 1932 1071 2015 Κρατῖνος
1093 1929 1236 2015 ἰπούμεν
1261 1926 1297 1992 ἐν
1320 1927 1486 2006 Κλεοβου-
1572 1997 1574 2000 ,

346 2039 420 2121 disp
429 2039 465 2122 ⁴).
510 2037 623 2121 ltaque
644 2037 698 2103 hie
719 2059 782 2102 nou
805 2043 871 2104 tam
895 2059 1080 2104 consensum
1103 2036 1218 2103 Suidae
1241 2057 1312 2100 eum
1330 2032 1437 2099 codiee
1455 2031 1486 2095 A

346 2167 561 2229 agnoscemus,
588 2145 643 2211 sed
670 2146 834 2230 uulgatam
861 2146 1018 2230 quandam
1045 2145 1234 2228 scripturam
1261 2147 1295 2208 et
1322 2138 1487 2206 oriundam

346 2275 384 2317 ex
407 2251 528 2318 Cratini
554 2273 663 2329 uersu,
690 2273 783 2335 quem
810 2251 871 2317 boc
897 2252 966 2317 loco
993 2253 1147 2336 expilasse
1170 2250 1413 2334 Aristophanem
1436 2249 1488 2313 uel

347 2361 504 2425 imitatum
532 2381 599 2424 esse
626 2381 689 2424 non
722 2363 842 2425 temore
873 2364 1054 2424 statuerunt
1082 2358 1285 2424 Casaubonus
1311 2355 1488 2422 Brunclrius

347 2466 529 2553 Meierus5).
575 2466 717 2550 Vtroque
745 2471 850 2532 autem
876 2465 959 2544 loco,
987 2471 1019 2531 et
1046 2466 1078 2530 in
1103 2465 1305 2532 detineo
1333 2485 1395 2549 quo
1418 2470 1488 2529 ute-

346 2573 442 2638 batur
465 2573 578 2653 Snidas
600 2571 722 2651 codice,
750 2585 934 2659 συμφοραῖς
959 2573 1114 2656 glossema
1136 2573 1271 2658 margini
1294 2573 1488 2658 adscriptum
1572 2619 1575 2624 -

348 2681 380 2743 iu
404 2680 513 2745 comici
537 2685 716 2745 contextum
740 2681 903 2763 irrepsisse
925 2681 1053 2746 uidetur
1062 2681 1098 2768 ⁶).

437 2787 546 2851 Altero
573 2787 655 2861 loco,
686 2807 713 2851 v.
736 2785 815 2864 983,
847 2787 931 2871 quod
959 2787 1042 2870 apud
1071 2785 1202 2852 Suidam
1229 2783 1290 2852 odo
1318 2785 1397 2852 falso
1424 2807 1490 2850 una

348 2915 417 2959 eum
441 2893 600 2958 codicibus
618 2893 737 2957 ΑΓΘΔ
760 2893 876 2976 legitur
898 2913 956 2976 pro
980 2890 1061 2973 δύω,
1083 2893 1157 2958 huic
1179 2893 1292 2960 mendo
1315 2895 1431 2979 quippe
1450 2913 1490 2957 ex

348 3001 459 3065 cadem
480 2998 683 3065 librariorum
698 2984 826 3064 'incuria
843 2999 985 3083 profecto
1003 3001 1058 3064 uix
1077 3003 1243 3085 quicquam
1261 3000 1412 3065 momenti
1430 2999 1489 3065 tri-

348 3107 508 3172 buendum
531 3106 666 3172 uidetur.

883 3223 956 3304 §a

438 3347 645 3413 Transeamus
663 3346 705 3411 ad
724 3346 864 3412 codicem
881 3346 1189 3432 R(auennatem),
1212 3347 1266 3431 qui
1288 3347 1420 3412 alterius
1437 3367 1489 3412 co-

296 3459 301 3470 “
350 3455 454 3520 dicum
478 3453 778 3538 Aristophaneorum
801 3454 925 3536 generis
948 3455 1125 3537 exemplum
1147 3461 1195 3519 ost
1218 3455 1352 3520 unicum.

423 3625 442 3691 ¹)
460 3625 513 3679 530
530 3615 632 3692 dvdpu'
651 3617 760 3684 ἐκεῖνος
774 3622 876 3675 ΑΓΘΔ
894 3613 1002 3691 ἤνθησε
1017 3629 1111 3686 κεῖνος
1125 3621 1153 3674 Ρ
1167 3614 1294 3692 ἤνθησεν
1309 3618 1418 3686 ἐκεῖνος
1436 3623 1477 3690 811

350 3715 403 3768 538
425 3715 527 3782 μικρᾶς
551 3709 691 3764 areo-P
716 3713 837 3780 σμικρᾶς
855 3711 962 3779 811884
986 3706 1115 3766 οὐδέποτ’
1139 3711 1280 3765 ΔΓΜ-Ρ
1300 3705 1443 3766 οὐπώποτ’
1463 3711 1489 3766 S.

422 3801 442 3868 ²]
467 3803 500 3855 bl
525 3793 579 3854 εἷθ’
604 3795 619 3854 ὁ
643 3797 736 3870 γέρων
764 3799 937 3854 v-P-Areo
959 3793 976 3854 ὃ
999 3799 1029 3854 d'a
1054 3799 1147 3870 γέρων
1170 3801 1285 3871 811511
1309 3796 1416 3872 ὀλίγοις
1438 3794 1489 3869 ἤδη

348 3891 524 3961 χαρίσασθαι
548 3887 726 3943 Ῡ-Ρ-ΑΓΘΔ
748 3881 799 3958 ἤδη
822 3889 898 3943 omis.
921 3889 1028 3958 811856
1047 3885 1289 3959 καθαρπάσαντες
1314 3889 1492 3944 v-P-Areo

351 3973 586 4042 κατασπάσαντες
604 3979 728 4047 spreto
747 3975 875 4048 γένωμαί
893 3995 937 4032 σοι
962 3975 1140 4032 7-Ρ-ΑΓΘΔ
1159 3971 1259 4046 ἔσομαι
1279 3995 1323 4032 σοι
1343 3979 1368 4033 S.

422 4068 443 4134 ⁸)
462 4067 496 4122 cl.
516 4083 599 4137 supra
617 4083 662 4136 pg.
682 4069 715 4123 16
734 4069 825 4124 adnot.
844 4069 869 4121 2.

422 4159 443 4223 ⁴)
462 4157 501 4210 sic
520 4158 546 4210 h.
566 4157 583 4210 l.
603 4157 726 4211 restituit
748 4157 898 4212 securidum
917 4157 1037 4212 codicem
1058 4157 1136 4211 Fallr.
1157 4157 1315 4212 Meinskius
1334 4155 1362 4211 in
1381 4157 1490 4227 Fragm.

352 4247 415 4300 Com
444 4245 540 4300 Graec.
559 4247 594 4300 II.
614 4248 656 4300 71.

421 4333 443 4400 ⁵)
462 4334 516 4389 ind.
537 4335 599 4390 leet.
619 4343 687 4390 aest.
707 4335 769 4389 Hal.
790 4337 860 4390 1832
879 4353 923 4406 pg.
942 4337 967 4390 4.

422 4425 443 4492 ⁶)
462 4424 489 4478 in
509 4425 587 4479 codic
609 4426 640 4488 Γ,
661 4425 706 4493 qui
726 4425 836 4494 saepius
855 4423 967 4488 aliunde
986 4431 1125 4479 correctus
1134 4433 1186 4479 est
1204 4425 1248 4494 (cl.
1264 4441 1307 4494 pg.
1322 4425 1374 4490 21),
1395 4421 1491 4492 εἰσφο-

353 4521 413 4583 ραῖς
431 4529 515 4582 super
533 4511 573 4576 εἰς
592 4513 685 4568 addito
705 4531 768 4575 ουμ.
