3262 4926
610 423 824 483 ..47-

147 631 210 678 non
225 609 328 676 insius
344 629 417 676 enm
427 608 469 675 de
480 608 676 674 carminibus
688 607 807 674 dicere.
836 607 950 690 ltaque
962 605 1068 672 iacere
1080 625 1143 671 non
1155 625 1285 690 possum

146 715 224 798 quin
245 720 354 798 putem
384 712 425 778 de
454 711 595 778 Lucretii
618 711 813 777 carminibus
836 730 900 776 non
923 710 1023 775 multo
1046 717 1144 776 antea
1166 708 1285 793 publici

146 816 224 883 iuris
239 816 333 882 lactis
348 815 521 882 Cicerones
542 813 696 880 iudicium
720 813 858 880 breviter
879 812 963 880 inter
978 831 1014 878 so
1029 811 1283 879 communicare:

147 918 277 1003 gravium
299 937 355 984 cos
377 937 443 983 non
471 936 545 984 csse
574 925 677 983 motos
705 922 737 983 et
759 935 800 982 ex
822 935 876 996 eo,
908 914 995 1006 quod
1024 933 1181 998 nusquam
1201 913 1286 979 ¹alias

148 1019 288 1087 Lucretii
310 1019 505 1086 mentionem
526 1018 665 1102 iaciunt,
692 1025 725 1084 ct
746 1037 786 1084 ex
809 1023 877 1083 tota
905 1035 1014 1084 corum
1043 1023 1160 1083 natura
1189 1023 1286 1098 atquc

148 1123 276 1208 ingenio
299 1122 446 1206 colligas.

232 1224 397 1308 Inquirerc
409 1243 496 1308 vcro,
512 1222 641 1291 cuinam
652 1222 816 1288 homiuum
829 1221 1004 1304 doctorum,
1020 1221 1154 1304 quitum
1167 1221 1287 1287 Romae

147 1329 309 1413 vigebant,
325 1335 434 1394 sectae
445 1324 707 1392 adnumerandus
720 1325 762 1391 sit
773 1325 885 1406 editor,
900 1343 1179 1409 supervacaneum
1190 1323 1282 1399 duco,

147 1432 296 1514 quoniam
318 1430 480 1515 propriam
502 1429 573 1496 eius
597 1435 743 1494 naturam
765 1449 807 1494 ex
828 1428 894 1508 cis,
930 1446 1014 1510 quae
1036 1427 1071 1492 in
1093 1425 1287 1492 carminibus

148 1533 348 1600 Lucretianis
371 1531 565 1610 emendavit,
592 1550 656 1596 non
679 1531 759 1597 satis
781 1530 966 1615 perspicere
988 1548 1160 1614 possumus
1182 1547 1287 1612 neque

147 1635 223 1702 iude
260 1636 430 1719 quicquam
467 1634 510 1699 ad
543 1632 796 1700 emendatoriam
833 1633 903 1699 eius
936 1647 1067 1717 operam
1105 1630 1287 1698 accuratius

147 1738 403 1823 cognoscendam
426 1735 596 1804 redundat.

673 1929 750 2011 ΙΠ.

233 2097 340 2163 Tertio
362 2098 434 2180 loco
454 2096 497 2162 ad
520 2094 782 2180 grammatici
803 2094 891 2160 illius
907 2093 1183 2178 interpolationes,
1202 2109 1285 2178 quae

149 2200 242 2283 longe
265 2198 437 2264 maximam
460 2198 644 2263 iteratorum
661 2203 784 2282 partem
801 2197 955 2276 efficiunt,
981 2195 1185 2262 accedamus.
1225 2195 1287 2274 Qui

149 2302 366 2368 recensionem
390 2300 565 2367 carminum
582 2299 627 2365 ita
644 2299 749 2366 iacere
765 2299 897 2382 studuit,
917 2306 953 2364 ut
968 2299 1018 2366 vel
1034 2299 1287 2384 argumentatio·

148 2425 220 2470 nem
243 2409 378 2487 augeret
393 2409 581 2488 argumento
596 2402 716 2485 aliquo,
744 2422 806 2485 quo
822 2402 905 2468 alias
921 2407 1018 2486 poeta
1033 2409 1118 2467 usus'
1128 2409 1205 2482 erat,
1234 2403 1287 2468 rel

148 2506 293 2590 insignes
323 2506 411 2571 locos
440 2511 600 2590 repeteret
622 2511 678 2570 aut
700 2504 742 2570 ad
764 2524 820 2570 ecs
843 2510 1017 2571 revocaret.
1065 2503 1136 2581 Quo
1157 2504 1288 2589 ingenio

148 2609 243 2676 fuerit
265 2628 391 2692 quaque
414 2615 485 2674 arte
508 2627 586 2673 usus
602 2607 654 2690 sit,
680 2605 714 2671 in
729 2605 810 2692 ipsis
825 2607 905 2672 locis
922 2607 1098 2673 tractandis
1115 2627 1289 2692 cognosce·

149 2731 235 2778 mus:
260 2731 315 2777 ecs
338 2709 424 2777 enirn
446 2717 632 2777 constanter
654 2708 940 2795 comprehendam,
975 2730 1015 2776 ex
1045 2710 1160 2794 quibus
1183 2709 1287 2778 simile

149 2815 218 2881 eins
241 2814 410 2880 consilium
433 2821 600 2900 appareat.
648 2813 697 2880 De
721 2833 860 2897 persona
882 2833 957 2879 vero
981 2813 1051 2880 eius
1073 2833 1112 2879 ac
1135 2813 1289 2900 tempori-

148 2917 208 2982 bus
230 2915 263 2981 id
287 2917 390 2982 solum
420 2916 483 2982 dici
513 2922 633 3001 potest,
667 2935 741 2981 eum
770 2922 845 2982 ante
875 2915 1014 2982 Gellium
1044 2915 1155 2982 fuisse.
1203 2917 1287 2982 Nam

148 3039 260 3086 versus
276 3019 330 3100 IV,
351 3021 513 3100 tlt-29,
539 3039 618 3103 quos
641 3019 682 3085 ab
706 3038 745 3084 eo
767 3039 807 3084 ex
830 3025 922 3085 sexto
938 3017 1019 3084 libro
1036 3018 1120 3084 falso
1135 3018 1288 3105 repetitos

149 3141 221 3188 esse
236 3141 291 3206 pg.
312 3123 352 3186 73
368 3119 603 3202 demonstrabo,
627 3121 692 3187 iam
709 3121 749 3187 ab
764 3121 822 3186 illo
837 3121 871 3206 in
887 3130 997 3206 quarto
1014 3122 1095 3187 libro
1110 3122 1184 3188 lecti
1200 3131 1285 3188 suut.

236 3224 311 3288 Fuit
332 3223 388 3289 ille
410 3222 550 3307 quidem,
577 3223 640 3289 nisi
663 3223 768 3305 fallor,
795 3243 877 3288 unus
900 3243 942 3289 ex
964 3225 1022 3307 eis,
1048 3225 1103 3307 qui
1119 3225 1288 3293 Frontonis

150 3331 255 3414 partes
279 3325 381 3391 secuti
405 3326 583 3411 priscorum
613 3325 803 3410 scriptorum
827 3325 1013 3392 Latinorum
1043 3327 1143 3393 libros
1173 3347 1289 3414 magno

149 3426 254 3492 studio
283 3447 447 3512 parvoque
479 3428 610 3512 ingenio
641 3429 792 3494 colerent.
840 3427 903 3505 Qui
938 3435 973 3494 ut
1002 3429 1036 3494 in
1066 3429 1133 3495 suis
1163 3431 1290 3516 scriptis

149 3537 291 3596 veterum
314 3529 485 3596 dictionem
508 3530 727 3612 imitabantur,
754 3530 799 3596 ita
821 3532 855 3598 in
882 3531 963 3616 ipsis
993 3552 1102 3598 eorum
1125 3533 1215 3598 libris
1238 3555 1290 3600 re·

149 3631 329 3712 censendis,
356 3631 508 3714 quidhoc
523 3631 651 3698 dicendi
666 3652 784 3716 genere
808 3634 977 3720 pollerent,
999 3634 1195 3719 periclitatos
1218 3656 1290 3704 csse

151 3734 262 3800 mirum
285 3753 348 3799 non
373 3741 422 3801 est
433 3737 469 3820 ¹).

216 3908 233 3972 ¹)
255 3905 299 3960 Ex
316 3921 421 3976 genere
439 3906 552 3962 dicendi
565 3907 594 3962 ln
607 3907 872 3976 interpolationibus
885 3908 921 3963 ab
934 3911 996 3979 ipso
1008 3908 1136 3966 adhibito
1149 3911 1184 3966 de
1196 3918 1290 3968 aetate

148 3993 321 4060 grammatici
339 3993 409 4048 nibil
428 3993 498 4048 certi
517 3997 611 4060 potest
629 3992 734 4060 colligi.
766 3992 903 4050 Nimirum
922 3995 1007 4050 etiarn
1021 3995 1062 4050 sis
1074 3997 1152 4062 locis,
1173 3997 1221 4053 ubi
1236 4015 1290 4054 non

149 4082 223 4134 totos
236 4094 334 4133 versus
348 4079 531 4135 Lucretianos
545 4079 621 4133 nulla
634 4078 788 4135 mutatione
802 4079 879 4135 lacta
892 4077 963 4137 salso
976 4080 1101 4146 inseruit,
1123 4084 1173 4138 sad
1191 4099 1226 4140 cx
1238 4101 1289 4140 suo

149 4165 261 4233 iugenio
279 4180 369 4234 pauca
387 4165 506 4226 addidit,
528 4164 692 4235 plerumque
704 4165 882 4222 Lucretianis
901 4165 995 4222 vorbis
1013 4185 1081 4224 usus
1100 4175 1152 4225 est.
1184 4169 1290 4226 Tamen

149 4249 193 4304 bis
211 4266 262 4304 sua
279 4257 379 4321 sponte
397 4251 570 4322 antiquiores
590 4249 692 4306 formas
710 4253 821 4319 posuit:
842 4251 864 4314 Ι,
881 4253 930 4305 672
949 4255 1069 4324 proillio
1087 4256 1199 4325 scripsit
1211 4257 1288 4314 allia:

149 4333 196 4398 lv,
218 4337 250 4386 53
269 4351 324 4390 vox
343 4337 411 4392 cluet
429 4339 547 4407 priscam
566 4337 735 4392 latinitatem
754 4339 836 4410 sapit.
