3262 4926
605 399 823 460 —53---

187 590 328 669 3llsqq.
352 595 509 669 postremo
532 587 661 671 quodvis
672 588 875 672 frumentum
897 609 959 650 non
983 595 1085 650 tamen
1108 607 1195 649 omrre

236 733 241 742 ·
352 690 467 774 quique
483 711 543 752 sao
563 711 677 774 genere
698 690 781 754 inter
802 711 834 752 se
857 689 959 752 simile
981 711 1045 753 esse
1068 689 1195 764 videon,

353 792 430 877 quin
451 792 643 856 intercurrat
665 793 817 875 quaedam
837 791 990 856 distantiis
1001 790 1148 877 formes).

144 895 253 974 Quare
275 895 372 961 etiam
396 912 508 960 versus
533 894 606 956 336.
627 897 644 956 7
668 892 748 958 nihil
770 901 905 977 possunt
920 893 1102 976 significare
1117 893 1196 958 nisi:
1222 915 1284 956 nors

146 1021 206 1084 qno
226 999 314 1063 hond
333 997 434 1061 multa
455 996 574 1060 similia
595 996 668 1076 sint,
695 998 751 1061 sed
772 997 847 1082 queis
862 997 951 1061 realia
965 1018 1016 1061 res
1038 996 1134 1060 alteri
1148 1017 1284 1079 prornts

140 1124 206 1185 par
221 1111 278 1165 est.
314 1099 500 1178 Videamus,
519 1117 602 1180 quae
618 1099 780 1165 sententia
792 1098 960 1178 ellloiatur,
980 1099 1007 1164 si
1022 1097 1107 1164 hanc
1124 1097 1283 1164 notionem

145 1204 179 1268 in
202 1223 275 1269 oum
298 1221 392 1285 quem
417 1207 591 1266 tractamus
615 1201 717 1266 locum
734 1200 976 1268 transferamus.
1017 1200 1140 1267 Dicitur
1155 1207 1281 1266 autem:

147 1308 248 1372 multa
270 1306 431 1371 elementa
452 1303 562 1370 multis
591 1305 697 1370 verbis
725 1305 905 1370 communia
933 1303 1043 1383 vides,
1077 1323 1149 1369 oum
1171 1323 1285 1368 versus

147 1431 187 1475 ac
209 1408 308 1474 verba
329 1427 462 1474 necesse
482 1407 524 1472 sit
546 1407 612 1472 alia
633 1427 673 1473 ex
689 1407 763 1473 aliis
778 1407 945 1474 elementis
961 1414 1117 1486 constare,
1145 1426 1209 1471 non
1223 1426 1285 1489 quo

148 1531 273 1597 paucae
288 1511 413 1578 litterae
429 1529 614 1576 communes
630 1509 703 1590 sint,
719 1510 777 1577 sed
792 1510 869 1593 qnia
881 1511 971 1576 nulla
987 1510 1116 1575 omnino
1131 1528 1181 1575 res
1193 1509 1285 1576 alteri

150 1633 280 1699 prorsus
304 1634 363 1698 par
389 1620 450 1680 est.
498 1613 630 1679 Nullum
659 1613 757 1697 igitur
786 1614 931 1694 verbum,
969 1632 1028 1679 nec
1058 1612 1144 1680 nllus
1174 1631 1286 1679 versus

148 1718 242 1782 alteri
264 1736 395 1801 prorsus
418 1737 478 1801 par
500 1723 559 1782 est.
608 1717 651 1783 At
680 1716 778 1783 verba
807 1715 920 1783 eadem
950 1716 1054 1782 lorma
1081 1716 1188 1801 posita
1216 1716 1286 1781 sine

147 1821 246 1886 dubio
269 1821 352 1886 inter
373 1839 409 1886 se
431 1820 523 1904 paria
545 1828 635 1885 sunt:
663 1839 776 1886 versus
799 1827 905 1886 autam
928 1819 961 1884 in
976 1819 1117 1886 Lucretii
1134 1819 1288 1886 carmini-

149 1925 210 1990 bus
233 1924 366 1988 iteratos
389 1922 527 1988 inveniri
541 1922 749 2007 interpolator
764 1923 847 1988 inter
862 1941 971 1988 ornnes
987 1921 1166 1989 certissime
1181 1920 1286 1987 scivit.

152 2027 297 2109 Denique
320 2044 445 2092 summa
467 2024 580 2091 horum
603 2044 750 2092 versuum
779 2027 830 2107 (II,
857 2027 1016 2109 oss—99}
1043 2024 1127 2090 falsa
1148 2032 1211 2091 est:

282 2133 344 2194 698
522 2137 558 2192 nt
578 2121 689 2192 merito
712 2151 749 2192 ca
771 2128 845 2192 aliis
867 2138 1009 2192 constare
1021 2129 1158 2214 feratur

359 2231 528 2295 humannm
549 2253 647 2315 qenes
669 2239 700 2294 ct
711 2232 831 2315 fruges
853 2231 1042 2315 arbustaque
1064 2230 1160 2294 loeta.

152 2338 234 2402 Nam
259 2336 400 2402 humano
422 2335 535 2418 generi
557 2340 589 2401 et
611 2333 757 2416 frugibus
779 2334 937 2416 quaedam
960 2335 1085 2400 semina
1106 2339 1180 2399 sunt
1202 2353 1290 2400 com-

152 2439 272 2520 munia,
299 2436 418 2503 uldini
442 2445 590 2519 nequeat,
618 2436 676 2502 has
698 2435 773 2502 aliis
796 2435 869 2502 aliis
892 2435 1036 2502 homines
1060 2443 1219 2502 constare.

239 2539 326 2623 Ergo
356 2539 409 2604 hic
437 2559 562 2622 quoque
588 2537 676 2605 locus
705 2538 918 2623 interpolatus
940 2547 999 2619 est,
1032 2537 1094 2604 nisi
1118 2538 1222 2620 lallor,
1249 2539 1289 2603 ab

152 2644 276 2722 eodem,
303 2643 357 2725 qui
380 2661 493 2708 versus
518 2643 686 2706 tots-22
708 2640 853 2707 inseruit.
900 2642 950 2706 Ab
979 2640 1092 2708 eodem
1115 2641 1291 2728 interpola·

154 2753 221 2813 tore
249 2745 405 2828 originem
436 2744 567 2810 duxisse
590 2745 755 2808 718-29
778 2763 816 2809 co
839 2743 917 2808 milri
939 2743 1180 2825 inverisimile,
1206 2743 1290 2827 quod

152 2850 197 2914 ibi
220 2847 324 2914 eidem
345 2847 392 2911 illi
416 2865 527 2912 versus
550 2853 678 2912 exstant
704 2846 756 2929 (Il,
783 2849 857 2912 336.
877 2849 904 2930 7)
1062 2923 1071 2942 .

243 2953 304 3014 723
327 2972 389 3012 non
412 2971 472 3034 qno
496 2950 596 3013 multo
612 2971 731 3032 param
753 2948 850 3013 simili
870 2949 935 3013 sint
950 2949 1102 3032 praedito
1113 2951 1241 3034 formo,

326 3052 384 3116 sed
404 3052 479 3136 qaia
500 3073 562 3115 non
584 3052 674 3134 colpe
691 3053 789 3136 pario
812 3051 952 3132 manibus
974 3051 1077 3115 omnia
1100 3059 1250 3115 constem.

154 3155 220 3220 Sed
243 3160 341 3220 antea
363 3153 452 3238 ipsos
474 3153 534 3218 hos
556 3172 668 3218 versus
698 3154 825 3239 spurios
851 3173 925 3220 esse
947 3147 1164 3219 demonstrare
1186 3153 1290 3222 decet.

154 3257 258 3339 Atque
281 3255 323 3322 ab
345 3254 435 3320 initio
457 3255 507 3320 illi
529 3261 594 3320 tres
616 3275 730 3322 versus
759 3256 809 3339 (ΙΙ,
837 3258 996 3338 'lto-22)

259 3380 332 3423 nam
354 3359 404 3422 vel
424 3358 474 3421 nti
496 3366 561 3422 toto
582 3366 700 3422 notura
721 3358 889 3423 dissimiles
910 3367 983 3422 sunt

259 3462 341 3524 inter
363 3482 396 3524 se
416 3460 541 3544 penitae
563 3482 614 3524 res
636 3482 791 3545 quaeqae,
817 3461 863 3524 ita
885 3482 1037 3545 quamque
1059 3467 1211 3524 necessest

258 3561 408 3626 dissimili
429 3571 574 3626 constare
582 3563 699 3647 fiano
715 3561 950 3646 principiorum

155 3665 351 3732 dissentiunt
373 3665 413 3730 ab
436 3684 484 3748 eo,
511 3663 596 3748 quod
617 3664 786 3730 Lucretius
809 3666 842 3731 in
861 3665 1009 3732 versibus
1031 3667 1088 3730 581
1102 3668 1212 3730 -687
1237 3685 1295 3733 ex-

157 3768 276 3854 posuit,
301 3766 382 3831 nihil
405 3785 489 3846 esse,
514 3766 602 3849 qnod
617 3787 657 3832 ex
673 3785 736 3832 uno
757 3787 875 3851 genere
890 3767 1119 3852 principiorum
1134 3777 1296 3835 constaret

158 3889 263 3953 neque
286 3869 467 3952 quicquam,
494 3869 580 3952 quod
597 3890 662 3936 non
685 3871 842 3953 permixto
858 3869 981 3936 semine
996 3877 1167 3936 constaret.
1203 3871 1297 3950 Quod

156 3974 185 4039 si
207 3972 375 4058 probatum
392 3979 470 4053 erat,
497 3971 530 4036 id
550 3971 634 4053 qnod
657 3970 802 4038 versibus
827 3975 967 4037 ito-2
983 3972 1153 4056 colligitur,
1181 3994 1295 4056 quam·

158 4094 220 4156 que
250 4094 317 4140 rom
346 4073 494 4140 dissimili
516 4073 623 4156 figura
649 4073 878 4159 principiorum
901 4081 1064 4156 constare,
1092 4074 1209 4141 salsum
1232 4085 1291 4158 est,

157 4177 308 4260 quoniam
338 4175 423 4244 duae
451 4194 504 4242 res
537 4177 651 4261 partim
681 4176 809 4259 quidem
840 4197 881 4244 cx
915 4177 1035 4244 eisdem
1068 4177 1295 4263 principiorum

157 4281 331 4362 generibus
347 4287 494 4346 constare
509 4288 655 4364 possunt.
697 4281 809 4364 Neque
824 4281 868 4364 id,
895 4280 979 4365 quod
996 4279 1029 4346 in
1045 4281 1149 4366 priore
1165 4301 1297 4367 compa-
