<?xml version="1.0" encoding="UTF-8"?>
<!DOCTYPE html PUBLIC "-//W3C//DTD XHTML 1.0 Transitional//EN"
    "http://www.w3.org/TR/xhtml1/DTD/xhtml1-transitional.dtd">
<html xmlns="http://www.w3.org/1999/xhtml" xml:lang="en" lang="en">
 <head>
  <title>
</title>
<meta http-equiv="Content-Type" content="text/html;charset=utf-8" />
  <meta name='ocr-system' content='tesseract 3.04.00' />
  <meta name='ocr-capabilities' content='ocr_page ocr_carea ocr_par ocr_line ocrx_word'/>
</head>
<body>
  <div class='ocr_page' id='page_1' title='image "./dissertationesp01stragoog_0491.png"; bbox 0 0 3262 4926; ppageno 0'>
   <div class='ocr_carea' id='block_1_1' title="bbox 821 409 1036 470">
    <p class='ocr_par' dir='ltr' id='par_1_1' title="bbox 821 409 1036 470">
     <span class='ocr_line' id='line_1_1' title="bbox 821 409 1036 470; baseline 0 -16"><span class='ocrx_word' id='word_1_1' title='bbox 821 409 1036 470; x_wconf 74' lang='lat'>..64-</span> 
     </span>
    </p>
   </div>
   <div class='ocr_carea' id='block_1_2' title="bbox 361 593 1499 1091">
    <p class='ocr_par' dir='ltr' id='par_1_2' title="bbox 361 593 1499 1091">
     <span class='ocr_line' id='line_1_2' title="bbox 362 593 1498 679; baseline 0 -21"><span class='ocrx_word' id='word_1_2' title='bbox 362 611 518 672; x_wconf 80' lang='lat' dir='ltr'>ceremon,</span> <span class='ocrx_word' id='word_1_3' title='bbox 545 613 601 658; x_wconf 89' lang='lat' dir='ltr'>our</span> <span class='ocrx_word' id='word_1_4' title='bbox 624 615 702 677; x_wconf 81' lang='lat' dir='ltr'>quae</span> <span class='ocrx_word' id='word_1_5' title='bbox 724 613 782 677; x_wconf 91' lang='lat' dir='ltr'>pro</span> <span class='ocrx_word' id='word_1_6' title='bbox 805 616 883 678; x_wconf 80' lang='lat' dir='ltr'>quoe</span> <span class='ocrx_word' id='word_1_7' title='bbox 906 594 1060 679; x_wconf 84' lang='lat' dir='ltr'>seriptum</span> <span class='ocrx_word' id='word_1_8' title='bbox 1082 601 1185 676; x_wconf 81' lang='lat' dir='ltr'>esset,</span> <span class='ocrx_word' id='word_1_9' title='bbox 1211 595 1301 659; x_wconf 91' lang='lat' dir='ltr'>nullo</span> <span class='ocrx_word' id='word_1_10' title='bbox 1325 593 1423 659; x_wconf 92' lang='lat' dir='ltr'>modo</span> <span class='ocrx_word' id='word_1_11' title='bbox 1454 595 1498 658; x_wconf 86' lang='lat' dir='ltr'>in·-</span> 
     </span>
     <span class='ocr_line' id='line_1_3' title="bbox 361 694 1307 780; baseline 0.001 -21"><span class='ocrx_word' id='word_1_12' title='bbox 361 694 578 780; x_wconf 86' lang='lat' dir='ltr'>tellegeretnr.</span> <span class='ocrx_word' id='word_1_13' title='bbox 626 696 744 762; x_wconf 77' lang='lat' dir='ltr'>Contra</span> <span class='ocrx_word' id='word_1_14' title='bbox 765 696 793 763; x_wconf 82' lang='lat' dir='ltr'>si</span> <span class='ocrx_word' id='word_1_15' title='bbox 816 695 859 762; x_wconf 83' lang='lat' dir='ltr'>ad</span> <span class='ocrx_word' id='word_1_16' title='bbox 881 702 980 763; x_wconf 87' lang='lat' dir='ltr'>totum</span> <span class='ocrx_word' id='word_1_17' title='bbox 1002 695 1084 762; x_wconf 84' lang='lat' dir='ltr'>illud</span> <span class='ocrx_word' id='word_1_18' title='bbox 1107 696 1307 762; x_wconf 82' lang='lat' dir='ltr'>enuntiatum</span> 
     </span>
     <span class='ocr_line' id='line_1_4' title="bbox 633 799 1336 884; baseline 0 -20"><span class='ocrx_word' id='word_1_19' title='bbox 633 799 774 864; x_wconf 75' lang='lat' dir='ltr'>dominos</span> <span class='ocrx_word' id='word_1_20' title='bbox 796 799 881 864; x_wconf 60' lang='lat' dir='ltr'>oorrssr</span> <span class='ocrx_word' id='word_1_21' title='bbox 902 801 1091 881; x_wconf 79' lang='lat' dir='ltr'>adrer&#39;eount,</span> <span class='ocrx_word' id='word_1_22' title='bbox 1118 799 1222 864; x_wconf 76' lang='lat' dir='ltr'>omnia</span> <span class='ocrx_word' id='word_1_23' title='bbox 1241 821 1336 884; x_wconf 79' lang='lat' dir='ltr'>poree</span> 
     </span>
     <span class='ocr_line' id='line_1_5' title="bbox 518 903 885 986; baseline 0 -20"><span class='ocrx_word' id='word_1_24' title='bbox 518 924 594 986; x_wconf 78' lang='lat' dir='ltr'>quoe</span> <span class='ocrx_word' id='word_1_25' title='bbox 616 903 725 967; x_wconf 80' lang='lat' dir='ltr'>mr&#39;oerr&#39;</span> <span class='ocrx_word' id='word_1_26' title='bbox 745 904 885 984; x_wconf 79' lang='lat' dir='ltr'>credunt,</span> 
     </span>
     <span class='ocr_line' id='line_1_6' title="bbox 362 1003 1499 1091; baseline 0.001 -22"><span class='ocrx_word' id='word_1_27' title='bbox 362 1003 545 1088; x_wconf 83' lang='lat' dir='ltr'>pertineret,</span> <span class='ocrx_word' id='word_1_28' title='bbox 572 1007 658 1089; x_wconf 82' lang='lat' dir='ltr'>quod</span> <span class='ocrx_word' id='word_1_29' title='bbox 676 1025 735 1090; x_wconf 90' lang='lat' dir='ltr'>pro</span> <span class='ocrx_word' id='word_1_30' title='bbox 758 1028 839 1091; x_wconf 80' lang='lat' dir='ltr'>quoe</span> <span class='ocrx_word' id='word_1_31' title='bbox 861 1003 1063 1073; x_wconf 78' lang='lat' dir='ltr'>scribendum</span> <span class='ocrx_word' id='word_1_32' title='bbox 1080 1011 1160 1072; x_wconf 85' lang='lat' dir='ltr'>erat.</span> <span class='ocrx_word' id='word_1_33' title='bbox 1193 1003 1317 1083; x_wconf 72' lang='lat' dir='ltr'>Quodsi</span> <span class='ocrx_word' id='word_1_34' title='bbox 1334 1003 1413 1071; x_wconf 76' lang='lat' dir='ltr'>illos</span> <span class='ocrx_word' id='word_1_35' title='bbox 1429 1025 1499 1070; x_wconf 82' lang='lat' dir='ltr'>ver·</span> 
     </span>
    </p>
   </div>
   <div class='ocr_carea' id='block_1_3' title="bbox 360 1108 1499 1399">
    <p class='ocr_par' dir='ltr' id='par_1_3' title="bbox 360 1108 1499 1399">
     <span class='ocr_line' id='line_1_7' title="bbox 361 1108 1499 1194; baseline 0 -22"><span class='ocrx_word' id='word_1_36' title='bbox 361 1126 416 1172; x_wconf 81' lang='lat' dir='ltr'>sus</span> <span class='ocrx_word' id='word_1_37' title='bbox 445 1108 626 1189; x_wconf 70' lang='lat' dir='ltr'>reclusorio,</span> <span class='ocrx_word' id='word_1_38' title='bbox 653 1109 753 1174; x_wconf 81' lang='lat' dir='ltr'>verbo</span> <span class='ocrx_word' id='word_1_39' title='bbox 775 1131 854 1194; x_wconf 81' lang='lat' dir='ltr'>quar</span> <span class='ocrx_word' id='word_1_40' title='bbox 876 1109 940 1173; x_wconf 76' lang='lat' dir='ltr'>niet</span> <span class='ocrx_word' id='word_1_41' title='bbox 959 1109 1082 1193; x_wconf 64' lang='lat' dir='ltr'>respuit</span> <span class='ocrx_word' id='word_1_42' title='bbox 1103 1131 1143 1174; x_wconf 78' lang='lat' dir='ltr'>ee</span> <span class='ocrx_word' id='word_1_43' title='bbox 1163 1108 1268 1174; x_wconf 77' lang='lat' dir='ltr'>animo</span> <span class='ocrx_word' id='word_1_44' title='bbox 1298 1108 1397 1174; x_wconf 79' lang='lat' dir='ltr'>senile</span> <span class='ocrx_word' id='word_1_45' title='bbox 1428 1127 1499 1192; x_wconf 85' lang='lat' dir='ltr'>per-</span> 
     </span>
     <span class='ocr_line' id='line_1_8' title="bbox 360 1211 648 1277; baseline 0.01 -3"><span class='ocrx_word' id='word_1_46' title='bbox 360 1211 463 1276; x_wconf 87' lang='lat' dir='ltr'>tinent</span> <span class='ocrx_word' id='word_1_47' title='bbox 484 1211 527 1277; x_wconf 82' lang='lat' dir='ltr'>ad</span> <span class='ocrx_word' id='word_1_48' title='bbox 549 1212 648 1277; x_wconf 85' lang='lat' dir='ltr'>verbe</span> 
     </span>
     <span class='ocr_line' id='line_1_9' title="bbox 491 1315 1344 1399; baseline 0 -21"><span class='ocrx_word' id='word_1_49' title='bbox 491 1319 533 1380; x_wconf 85' lang='lat'>50</span> <span class='ocrx_word' id='word_1_50' title='bbox 555 1323 659 1378; x_wconf 82' lang='lat' dir='ltr'>cetera</span> <span class='ocrx_word' id='word_1_51' title='bbox 682 1335 762 1399; x_wconf 83' lang='lat' dir='ltr'>quae</span> <span class='ocrx_word' id='word_1_52' title='bbox 771 1315 854 1399; x_wconf 79' lang='lat' dir='ltr'>ſsen&#39;</span> <span class='ocrx_word' id='word_1_53' title='bbox 874 1315 907 1378; x_wconf 66' lang='grc' dir='ltr'>ἐκ</span> <span class='ocrx_word' id='word_1_54' title='bbox 932 1315 1025 1380; x_wconf 75' lang='lat' dir='ltr'>terrr&#39;n</span> <span class='ocrx_word' id='word_1_55' title='bbox 1048 1315 1193 1399; x_wconf 80' lang='lat' dir='ltr'>caeloque</span> <span class='ocrx_word' id='word_1_56' title='bbox 1216 1323 1344 1378; x_wconf 81' lang='lat' dir='ltr'>tuentur</span> 
     </span>
    </p>
   </div>
   <div class='ocr_carea' id='block_1_4' title="bbox 275 1519 1592 4380">
    <p class='ocr_par' dir='ltr' id='par_1_4' title="bbox 360 1519 1592 2016">
     <span class='ocr_line' id='line_1_10' title="bbox 559 1519 1084 1605; baseline -0.002 -22"><span class='ocrx_word' id='word_1_57' title='bbox 559 1519 635 1584; x_wconf 78' lang='lat' dir='ltr'>haec</span> <span class='ocrx_word' id='word_1_58' title='bbox 647 1521 783 1605; x_wconf 74' lang='lat' dir='ltr'>sacient</span> <span class='ocrx_word' id='word_1_59' title='bbox 805 1519 926 1585; x_wconf 84' lang='lat' dir='ltr'>am&#39;moe</span> <span class='ocrx_word' id='word_1_60' title='bbox 947 1520 1084 1584; x_wconf 62' lang='lat' dir='ltr'>homello.</span> 
     </span>
     <span class='ocr_line' id='line_1_11' title="bbox 361 1621 1592 1708; baseline 0.002 -22"><span class='ocrx_word' id='word_1_61' title='bbox 361 1621 447 1687; x_wconf 86' lang='lat' dir='ltr'>Dieit</span> <span class='ocrx_word' id='word_1_62' title='bbox 468 1622 568 1705; x_wconf 87' lang='lat' dir='ltr'>igitur</span> <span class='ocrx_word' id='word_1_63' title='bbox 588 1631 692 1707; x_wconf 81' lang='lat' dir='ltr'>poeta,</span> <span class='ocrx_word' id='word_1_64' title='bbox 719 1621 877 1689; x_wconf 83' lang='lat' dir='ltr'>horrifioin</span> <span class='ocrx_word' id='word_1_65' title='bbox 898 1623 964 1689; x_wconf 82' lang='lat' dir='ltr'>illie</span> <span class='ocrx_word' id='word_1_66' title='bbox 986 1623 1094 1704; x_wconf 85' lang='lat' dir='ltr'>rebus,</span> <span class='ocrx_word' id='word_1_67' title='bbox 1120 1622 1258 1705; x_wconf 82' lang='lat' dir='ltr'>quaein</span> <span class='ocrx_word' id='word_1_68' title='bbox 1281 1622 1375 1688; x_wconf 84' lang='lat' dir='ltr'>terris</span> <span class='ocrx_word' id='word_1_69' title='bbox 1391 1623 1497 1688; x_wconf 77' lang='lat' dir='ltr'>eaelo</span> <span class='ocrx_word' id='word_1_70' title='bbox 1591 1673 1592 1708; x_wconf 16' lang='lat' dir='ltr'>p</span> 
     </span>
     <span class='ocr_line' id='line_1_12' title="bbox 360 1709 1592 1809; baseline 0 -21"><span class='ocrx_word' id='word_1_71' title='bbox 360 1724 533 1805; x_wconf 77' lang='lat' dir='ltr'>quotient,</span> <span class='ocrx_word' id='word_1_72' title='bbox 559 1726 720 1791; x_wconf 89' lang='lat' dir='ltr'>neminem</span> <span class='ocrx_word' id='word_1_73' title='bbox 743 1727 864 1792; x_wconf 88' lang='lat' dir='ltr'>moveri</span> <span class='ocrx_word' id='word_1_74' title='bbox 887 1725 1004 1793; x_wconf 87' lang='lat' dir='ltr'>debere</span> <span class='ocrx_word' id='word_1_75' title='bbox 1027 1726 1120 1808; x_wconf 85' lang='lat' dir='ltr'>odeo,</span> <span class='ocrx_word' id='word_1_76' title='bbox 1154 1732 1188 1790; x_wconf 86' lang='lat' dir='ltr'>ut</span> <span class='ocrx_word' id='word_1_77' title='bbox 1210 1725 1366 1809; x_wconf 82' lang='lat' dir='ltr'>originem</span> <span class='ocrx_word' id='word_1_78' title='bbox 1389 1745 1495 1792; x_wconf 85' lang='lat' dir='ltr'>eorum</span> <span class='ocrx_word' id='word_1_79' title='bbox 1591 1709 1592 1726; x_wconf 50' lang='lat'>¹</span> 
     </span>
     <span class='ocr_line' id='line_1_13' title="bbox 360 1826 1496 1913; baseline 0.002 -22"><span class='ocrx_word' id='word_1_80' title='bbox 360 1847 380 1891; x_wconf 84' lang='lat' dir='ltr'>a</span> <span class='ocrx_word' id='word_1_81' title='bbox 402 1826 471 1894; x_wconf 85' lang='lat' dir='ltr'>deis</span> <span class='ocrx_word' id='word_1_82' title='bbox 494 1827 590 1894; x_wconf 75' lang='lat' dir='ltr'>(ineat</span> <span class='ocrx_word' id='word_1_83' title='bbox 612 1847 732 1911; x_wconf 83' lang='lat' dir='ltr'>eosque</span> <span class='ocrx_word' id='word_1_84' title='bbox 754 1849 827 1896; x_wconf 90' lang='lat' dir='ltr'>oum</span> <span class='ocrx_word' id='word_1_85' title='bbox 850 1830 945 1896; x_wconf 82' lang='lat' dir='ltr'>rebus</span> <span class='ocrx_word' id='word_1_86' title='bbox 966 1829 1149 1913; x_wconf 84' lang='lat' dir='ltr'>ooniungnt,</span> <span class='ocrx_word' id='word_1_87' title='bbox 1175 1848 1258 1911; x_wconf 82' lang='lat' dir='ltr'>qnae</span> <span class='ocrx_word' id='word_1_88' title='bbox 1274 1829 1322 1894; x_wconf 84' lang='lat' dir='ltr'>eis</span> <span class='ocrx_word' id='word_1_89' title='bbox 1345 1828 1496 1912; x_wconf 78' lang='lat' dir='ltr'>indignae</span> 
     </span>
     <span class='ocr_line' id='line_1_14' title="bbox 361 1930 893 2016; baseline 0.002 -21"><span class='ocrx_word' id='word_1_90' title='bbox 361 1930 549 2014; x_wconf 77' lang='lat' dir='ltr'>alienaeque</span> <span class='ocrx_word' id='word_1_91' title='bbox 573 1932 664 2016; x_wconf 84' lang='lat' dir='ltr'>poois</span> <span class='ocrx_word' id='word_1_92' title='bbox 686 1951 794 1998; x_wconf 89' lang='lat' dir='ltr'>eornm</span> <span class='ocrx_word' id='word_1_93' title='bbox 818 1932 893 1999; x_wconf 83' lang='lat' dir='ltr'>sint.</span> 
     </span>
    </p>

    <p class='ocr_par' dir='ltr' id='par_1_5' title="bbox 358 2035 1494 2634">
     <span class='ocr_line' id='line_1_15' title="bbox 445 2035 1494 2118; baseline 0 -18"><span class='ocrx_word' id='word_1_94' title='bbox 445 2035 609 2100; x_wconf 81' lang='lat' dir='ltr'>Postremo</span> <span class='ocrx_word' id='word_1_95' title='bbox 632 2035 951 2102; x_wconf 74' lang='lat' dir='ltr'>animadvertendum</span> <span class='ocrx_word' id='word_1_96' title='bbox 974 2041 1041 2116; x_wconf 84' lang='lat' dir='ltr'>est,</span> <span class='ocrx_word' id='word_1_97' title='bbox 1075 2041 1228 2118; x_wconf 75' lang='lat' dir='ltr'>qnantum</span> <span class='ocrx_word' id='word_1_98' title='bbox 1258 2035 1342 2100; x_wconf 88' lang='lat' dir='ltr'>inter</span> <span class='ocrx_word' id='word_1_99' title='bbox 1365 2054 1424 2102; x_wconf 80' lang='lat' dir='ltr'>ees</span> <span class='ocrx_word' id='word_1_100' title='bbox 1437 2037 1494 2100; x_wconf 76' lang='lat' dir='ltr'>&#39;reo</span> 
     </span>
     <span class='ocr_line' id='line_1_16' title="bbox 358 2136 1493 2222; baseline 0.003 -21"><span class='ocrx_word' id='word_1_101' title='bbox 358 2137 500 2217; x_wconf 77' lang='lat' dir='ltr'>intersit,</span> <span class='ocrx_word' id='word_1_102' title='bbox 532 2157 614 2220; x_wconf 84' lang='lat' dir='ltr'>quae</span> <span class='ocrx_word' id='word_1_103' title='bbox 642 2138 676 2204; x_wconf 92' lang='lat' dir='ltr'>in</span> <span class='ocrx_word' id='word_1_104' title='bbox 698 2139 810 2219; x_wconf 89' lang='lat' dir='ltr'>quinto</span> <span class='ocrx_word' id='word_1_105' title='bbox 832 2139 920 2205; x_wconf 90' lang='lat' dir='ltr'>etin</span> <span class='ocrx_word' id='word_1_106' title='bbox 943 2145 1033 2204; x_wconf 84' lang='lat' dir='ltr'>sexto</span> <span class='ocrx_word' id='word_1_107' title='bbox 1056 2137 1136 2204; x_wconf 91' lang='lat' dir='ltr'>libro</span> <span class='ocrx_word' id='word_1_108' title='bbox 1159 2136 1291 2203; x_wconf 88' lang='lat' dir='ltr'>deornm</span> <span class='ocrx_word' id='word_1_109' title='bbox 1314 2137 1493 2222; x_wconf 86' lang='lat' dir='ltr'>opinionem</span> 
     </span>
     <span class='ocr_line' id='line_1_17' title="bbox 358 2239 1491 2325; baseline 0 -21"><span class='ocrx_word' id='word_1_110' title='bbox 358 2240 510 2306; x_wconf 78' lang='lat' dir='ltr'>excitent.</span> <span class='ocrx_word' id='word_1_111' title='bbox 542 2239 579 2304; x_wconf 90' lang='lat' dir='ltr'>In</span> <span class='ocrx_word' id='word_1_112' title='bbox 595 2241 706 2323; x_wconf 84' lang='lat' dir='ltr'>quinto</span> <span class='ocrx_word' id='word_1_113' title='bbox 721 2247 846 2325; x_wconf 78' lang='lat' dir='ltr'>spectat</span> <span class='ocrx_word' id='word_1_114' title='bbox 857 2241 1024 2307; x_wconf 82' lang='lat' dir='ltr'>Lueretius</span> <span class='ocrx_word' id='word_1_115' title='bbox 1039 2239 1083 2306; x_wconf 84' lang='lat' dir='ltr'>ad</span> <span class='ocrx_word' id='word_1_116' title='bbox 1098 2239 1351 2324; x_wconf 81' lang='lat' dir='ltr'>magnitudinem</span> <span class='ocrx_word' id='word_1_117' title='bbox 1364 2249 1398 2306; x_wconf 87' lang='lat' dir='ltr'>et</span> <span class='ocrx_word' id='word_1_118' title='bbox 1408 2239 1491 2306; x_wconf 83' lang='lat' dir='ltr'>ordi·</span> 
     </span>
     <span class='ocr_line' id='line_1_18' title="bbox 358 2342 1491 2428; baseline -0.001 -20"><span class='ocrx_word' id='word_1_119' title='bbox 358 2362 432 2408; x_wconf 91' lang='lat' dir='ltr'>nem</span> <span class='ocrx_word' id='word_1_120' title='bbox 447 2362 552 2409; x_wconf 90' lang='lat' dir='ltr'>rerum</span> <span class='ocrx_word' id='word_1_121' title='bbox 567 2342 690 2421; x_wconf 90' lang='lat' dir='ltr'>mnndi,</span> <span class='ocrx_word' id='word_1_122' title='bbox 707 2344 897 2428; x_wconf 76' lang='lat' dir='ltr'>praesertim</span> <span class='ocrx_word' id='word_1_123' title='bbox 912 2363 1034 2426; x_wconf 82' lang='lat' dir='ltr'>earnm,</span> <span class='ocrx_word' id='word_1_124' title='bbox 1060 2363 1142 2427; x_wconf 83' lang='lat' dir='ltr'>quoe</span> <span class='ocrx_word' id='word_1_125' title='bbox 1160 2343 1194 2408; x_wconf 93' lang='lat' dir='ltr'>in</span> <span class='ocrx_word' id='word_1_126' title='bbox 1210 2344 1300 2410; x_wconf 81' lang='lat' dir='ltr'>eaelo</span> <span class='ocrx_word' id='word_1_127' title='bbox 1315 2351 1491 2422; x_wconf 83' lang='lat' dir='ltr'>versentur,</span> 
     </span>
     <span class='ocr_line' id='line_1_19' title="bbox 359 2445 1491 2530; baseline -0.001 -19"><span class='ocrx_word' id='word_1_128' title='bbox 359 2465 438 2530; x_wconf 82' lang='lat' dir='ltr'>quen</span> <span class='ocrx_word' id='word_1_129' title='bbox 461 2446 558 2512; x_wconf 84' lang='lat' dir='ltr'>etiem</span> <span class='ocrx_word' id='word_1_130' title='bbox 581 2447 623 2525; x_wconf 90' lang='lat' dir='ltr'>ii,</span> <span class='ocrx_word' id='word_1_131' title='bbox 649 2446 703 2529; x_wconf 86' lang='lat' dir='ltr'>qni</span> <span class='ocrx_word' id='word_1_132' title='bbox 732 2448 797 2513; x_wconf 84' lang='lat' dir='ltr'>iem</span> <span class='ocrx_word' id='word_1_133' title='bbox 827 2446 1000 2514; x_wconf 83' lang='lat' dir='ltr'>didicerint</span> <span class='ocrx_word' id='word_1_134' title='bbox 1029 2446 1107 2512; x_wconf 79' lang='lat' dir='ltr'>deos</span> <span class='ocrx_word' id='word_1_135' title='bbox 1136 2445 1215 2512; x_wconf 91' lang='lat' dir='ltr'>nihil</span> <span class='ocrx_word' id='word_1_136' title='bbox 1246 2446 1289 2512; x_wconf 82' lang='lat' dir='ltr'>ad</span> <span class='ocrx_word' id='word_1_137' title='bbox 1311 2465 1363 2512; x_wconf 80' lang='lat' dir='ltr'>res</span> <span class='ocrx_word' id='word_1_138' title='bbox 1387 2445 1491 2512; x_wconf 86' lang='lat' dir='ltr'>mnndi</span> 
     </span>
     <span class='ocr_line' id='line_1_20' title="bbox 358 2547 1387 2634; baseline -0.001 -19"><span class='ocrx_word' id='word_1_139' title='bbox 358 2548 528 2634; x_wconf 86' lang='lat' dir='ltr'>pertinere,</span> <span class='ocrx_word' id='word_1_140' title='bbox 555 2549 660 2615; x_wconf 82' lang='lat' dir='ltr'>mirati</span> <span class='ocrx_word' id='word_1_141' title='bbox 682 2547 778 2615; x_wconf 80' lang='lat' dir='ltr'>fenile</span> <span class='ocrx_word' id='word_1_142' title='bbox 799 2549 834 2615; x_wconf 93' lang='lat' dir='ltr'>in</span> <span class='ocrx_word' id='word_1_143' title='bbox 856 2550 1005 2634; x_wconf 77' lang='lat' dir='ltr'>antiques</span> <span class='ocrx_word' id='word_1_144' title='bbox 1027 2549 1199 2633; x_wconf 81' lang='lat' dir='ltr'>religiones</span> <span class='ocrx_word' id='word_1_145' title='bbox 1221 2549 1387 2616; x_wconf 81' lang='lat' dir='ltr'>recident:</span> 
     </span>
    </p>

    <p class='ocr_par' dir='ltr' id='par_1_6' title="bbox 446 2651 1284 2736">
     <span class='ocr_line' id='line_1_21' title="bbox 446 2651 1284 2736; baseline -0.001 -19"><span class='ocrx_word' id='word_1_146' title='bbox 446 2651 483 2730; x_wconf 91' lang='lat' dir='ltr'>V,</span> <span class='ocrx_word' id='word_1_147' title='bbox 512 2654 552 2715; x_wconf 89' lang='grc'>76</span> <span class='ocrx_word' id='word_1_148' title='bbox 569 2652 837 2734; x_wconf 69' lang='lat' dir='ltr'>praetereamus</span> <span class='ocrx_word' id='word_1_149' title='bbox 859 2673 968 2716; x_wconf 79' lang='lat' dir='ltr'>corrue</span> <span class='ocrx_word' id='word_1_150' title='bbox 990 2652 1141 2736; x_wconf 69' lang='lat' dir='ltr'>lumeqm</span> <span class='ocrx_word' id='word_1_151' title='bbox 1163 2660 1284 2716; x_wconf 76' lang='lat' dir='ltr'>mentun</span> 
     </span>
    </p>

    <p class='ocr_par' dir='ltr' id='par_1_7' title="bbox 275 2755 1491 4380">
     <span class='ocr_line' id='line_1_22' title="bbox 578 2755 1361 2842; baseline 0.003 -24"><span class='ocrx_word' id='word_1_152' title='bbox 578 2755 740 2838; x_wconf 77' lang='lat' dir='ltr'>expediam</span> <span class='ocrx_word' id='word_1_153' title='bbox 762 2778 824 2840; x_wconf 80' lang='lat' dir='ltr'>que</span> <span class='ocrx_word' id='word_1_154' title='bbox 846 2755 1005 2842; x_wconf 80' lang='lat' dir='ltr'>or’fleetnt</span> <span class='ocrx_word' id='word_1_155' title='bbox 1025 2763 1142 2820; x_wconf 71' lang='lat' dir='ltr'>enatura</span> <span class='ocrx_word' id='word_1_156' title='bbox 1162 2757 1361 2840; x_wconf 73' lang='lat' dir='ltr'>quommne,·</span> 
     </span>
     <span class='ocr_line' id='line_1_23' title="bbox 577 2861 722 2945; baseline 0 -23"><span class='ocrx_word' id='word_1_157' title='bbox 577 2881 615 2922; x_wconf 82' lang='lat' dir='ltr'>ne</span> <span class='ocrx_word' id='word_1_158' title='bbox 626 2861 722 2945; x_wconf 84' lang='lat' dir='ltr'>sorte</span> 
     </span>
     <span class='ocr_line' id='line_1_24' title="bbox 515 2962 1369 3047; baseline 0.002 -23"><span class='ocrx_word' id='word_1_159' title='bbox 515 2965 552 3025; x_wconf 80' lang='lat'>81</span> <span class='ocrx_word' id='word_1_160' title='bbox 711 2963 820 3047; x_wconf 75' lang='lat' dir='ltr'>aliqua</span> <span class='ocrx_word' id='word_1_161' title='bbox 842 2963 945 3026; x_wconf 76' lang='lat' dir='ltr'>divom</span> <span class='ocrx_word' id='word_1_162' title='bbox 968 2962 1053 3026; x_wconf 79' lang='lat' dir='ltr'>ooloe&#39;</span> <span class='ocrx_word' id='word_1_163' title='bbox 1071 2963 1194 3026; x_wconf 77' lang='lat' dir='ltr'>ratione</span> <span class='ocrx_word' id='word_1_164' title='bbox 1210 2972 1369 3045; x_wconf 77' lang='lat' dir='ltr'>putemne.</span> 
     </span>
     <span class='ocr_line' id='line_1_25' title="bbox 358 3063 1491 3149; baseline -0.003 -20"><span class='ocrx_word' id='word_1_165' title='bbox 358 3066 462 3147; x_wconf 84' lang='lat' dir='ltr'>Atque</span> <span class='ocrx_word' id='word_1_166' title='bbox 476 3065 576 3131; x_wconf 80' lang='lat' dir='ltr'>verbe</span> <span class='ocrx_word' id='word_1_167' title='bbox 594 3065 784 3148; x_wconf 74' lang='lat' dir='ltr'>praesertim</span> <span class='ocrx_word' id='word_1_168' title='bbox 806 3067 897 3130; x_wconf 77' lang='lat' dir='ltr'>rebus</span> <span class='ocrx_word' id='word_1_169' title='bbox 911 3066 945 3129; x_wconf 68' lang='grc' dir='ltr'>ἐπ</span> <span class='ocrx_word' id='word_1_170' title='bbox 960 3065 1037 3142; x_wconf 70' lang='lat' dir='ltr'>ulis,</span> <span class='ocrx_word' id='word_1_171' title='bbox 1056 3088 1134 3149; x_wconf 61' lang='lat' dir='ltr'>quoae</span> <span class='ocrx_word' id='word_1_172' title='bbox 1149 3087 1263 3149; x_wconf 76' lang='lat' dir='ltr'>erepere</span> <span class='ocrx_word' id='word_1_173' title='bbox 1278 3074 1374 3148; x_wconf 80' lang='lat' dir='ltr'>ceput</span> <span class='ocrx_word' id='word_1_174' title='bbox 1388 3063 1491 3128; x_wconf 70' lang='lat' dir='ltr'>aethe</span> 
     </span>
     <span class='ocr_line' id='line_1_26' title="bbox 357 3167 1490 3254; baseline 0.001 -23"><span class='ocrx_word' id='word_1_175' title='bbox 357 3168 415 3232; x_wconf 68' lang='lat' dir='ltr'>rito</span> <span class='ocrx_word' id='word_1_176' title='bbox 437 3177 607 3232; x_wconf 73' lang='lat' dir='ltr'>cernuntur</span> <span class='ocrx_word' id='word_1_177' title='bbox 628 3170 662 3233; x_wconf 78' lang='lat' dir='ltr'>tn</span> <span class='ocrx_word' id='word_1_178' title='bbox 683 3169 748 3233; x_wconf 76' lang='lat' dir='ltr'>orie</span> <span class='ocrx_word' id='word_1_179' title='bbox 763 3168 924 3254; x_wconf 88' lang='lat' dir='ltr'>pertinent</span> <span class='ocrx_word' id='word_1_180' title='bbox 940 3167 982 3236; x_wconf 85' lang='lat' dir='ltr'>ad</span> <span class='ocrx_word' id='word_1_181' title='bbox 997 3177 1118 3232; x_wconf 76' lang='lat' dir='ltr'>metue</span> <span class='ocrx_word' id='word_1_182' title='bbox 1133 3169 1210 3234; x_wconf 80' lang='lat' dir='ltr'>solie</span> <span class='ocrx_word' id='word_1_183' title='bbox 1225 3168 1322 3234; x_wconf 78' lang='lat' dir='ltr'>lunae</span> <span class='ocrx_word' id='word_1_184' title='bbox 1337 3175 1490 3234; x_wconf 81' lang='lat' dir='ltr'>notrorum</span> 
     </span>
     <span class='ocr_line' id='line_1_27' title="bbox 357 3270 1491 3355; baseline 0 -19"><span class='ocrx_word' id='word_1_185' title='bbox 357 3291 529 3354; x_wconf 81' lang='lat' dir='ltr'>omnesque</span> <span class='ocrx_word' id='word_1_186' title='bbox 544 3291 607 3352; x_wconf 85' lang='lat' dir='ltr'>res,</span> <span class='ocrx_word' id='word_1_187' title='bbox 633 3290 716 3354; x_wconf 86' lang='lat' dir='ltr'>quoe</span> <span class='ocrx_word' id='word_1_188' title='bbox 738 3277 823 3338; x_wconf 86' lang='lat' dir='ltr'>oerto</span> <span class='ocrx_word' id='word_1_189' title='bbox 838 3271 950 3338; x_wconf 89' lang='lat' dir='ltr'>ordine</span> <span class='ocrx_word' id='word_1_190' title='bbox 965 3291 1004 3338; x_wconf 85' lang='lat' dir='ltr'>ae</span> <span class='ocrx_word' id='word_1_191' title='bbox 1019 3272 1133 3355; x_wconf 84' lang='lat' dir='ltr'>regula</span> <span class='ocrx_word' id='word_1_192' title='bbox 1146 3271 1180 3336; x_wconf 91' lang='lat' dir='ltr'>in</span> <span class='ocrx_word' id='word_1_193' title='bbox 1195 3271 1286 3337; x_wconf 79' lang='lat' dir='ltr'>eaelo</span> <span class='ocrx_word' id='word_1_194' title='bbox 1304 3270 1393 3352; x_wconf 85' lang='lat' dir='ltr'>fiunt,</span> <span class='ocrx_word' id='word_1_195' title='bbox 1412 3291 1491 3354; x_wconf 77' lang='lat' dir='ltr'>que-</span> 
     </span>
     <span class='ocr_line' id='line_1_28' title="bbox 357 3371 1490 3458; baseline 0.001 -21"><span class='ocrx_word' id='word_1_196' title='bbox 357 3391 426 3438; x_wconf 88' lang='lat' dir='ltr'>mm</span> <span class='ocrx_word' id='word_1_197' title='bbox 449 3373 670 3458; x_wconf 81' lang='lat' dir='ltr'>magnitudine</span> <span class='ocrx_word' id='word_1_198' title='bbox 692 3395 731 3442; x_wconf 80' lang='lat' dir='ltr'>on</span> <span class='ocrx_word' id='word_1_199' title='bbox 753 3375 785 3440; x_wconf 86' lang='lat' dir='ltr'>vi</span> <span class='ocrx_word' id='word_1_200' title='bbox 808 3373 996 3455; x_wconf 80' lang='lat' dir='ltr'>adduceris,</span> <span class='ocrx_word' id='word_1_201' title='bbox 1028 3381 1064 3439; x_wconf 92' lang='lat' dir='ltr'>ut</span> <span class='ocrx_word' id='word_1_202' title='bbox 1089 3393 1186 3439; x_wconf 89' lang='lat' dir='ltr'>unum</span> <span class='ocrx_word' id='word_1_203' title='bbox 1208 3373 1262 3439; x_wconf 81' lang='lat' dir='ltr'>vei</span> <span class='ocrx_word' id='word_1_204' title='bbox 1284 3373 1393 3457; x_wconf 76' lang='lat' dir='ltr'>plures</span> <span class='ocrx_word' id='word_1_205' title='bbox 1414 3371 1490 3438; x_wconf 83' lang='lat' dir='ltr'>(leon</span> 
     </span>
     <span class='ocr_line' id='line_1_29' title="bbox 356 3475 1490 3543; baseline -0.002 -2"><span class='ocrx_word' id='word_1_206' title='bbox 356 3483 492 3542; x_wconf 78' lang='lat' dir='ltr'>statues.</span> <span class='ocrx_word' id='word_1_207' title='bbox 539 3477 576 3542; x_wconf 92' lang='lat' dir='ltr'>In</span> <span class='ocrx_word' id='word_1_208' title='bbox 600 3484 691 3543; x_wconf 85' lang='lat' dir='ltr'>sexto</span> <span class='ocrx_word' id='word_1_209' title='bbox 714 3484 821 3543; x_wconf 83' lang='lat' dir='ltr'>entem</span> <span class='ocrx_word' id='word_1_210' title='bbox 844 3477 926 3543; x_wconf 89' lang='lat' dir='ltr'>libro</span> <span class='ocrx_word' id='word_1_211' title='bbox 948 3477 1131 3543; x_wconf 82' lang='lat' dir='ltr'>Lucretium</span> <span class='ocrx_word' id='word_1_212' title='bbox 1158 3475 1316 3542; x_wconf 79' lang='lat' dir='ltr'>derebus</span> <span class='ocrx_word' id='word_1_213' title='bbox 1339 3476 1420 3541; x_wconf 77' lang='lat' dir='ltr'>roris</span> <span class='ocrx_word' id='word_1_214' title='bbox 1443 3477 1490 3540; x_wconf 85' lang='lat' dir='ltr'>vel</span> 
     </span>
     <span class='ocr_line' id='line_1_30' title="bbox 356 3577 1491 3664; baseline -0.002 -20"><span class='ocrx_word' id='word_1_215' title='bbox 356 3577 573 3663; x_wconf 81' lang='lat' dir='ltr'>singularibus</span> <span class='ocrx_word' id='word_1_216' title='bbox 597 3598 767 3664; x_wconf 85' lang='lat' dir='ltr'>exponere,</span> <span class='ocrx_word' id='word_1_217' title='bbox 794 3599 928 3663; x_wconf 84' lang='lat' dir='ltr'>quarum</span> <span class='ocrx_word' id='word_1_218' title='bbox 951 3579 1184 3663; x_wconf 77' lang='lat' dir='ltr'>maximopere</span> <span class='ocrx_word' id='word_1_219' title='bbox 1208 3585 1327 3645; x_wconf 89' lang='lat' dir='ltr'>terrore</span> <span class='ocrx_word' id='word_1_220' title='bbox 1349 3577 1491 3644; x_wconf 77' lang='lat' dir='ltr'>homines</span> 
     </span>
     <span class='ocr_line' id='line_1_31' title="bbox 275 3679 1489 3765; baseline -0.002 -19"><span class='ocrx_word' id='word_1_221' title='bbox 275 3751 279 3761; x_wconf 62' lang='grc'><strong>,</strong></span> <span class='ocrx_word' id='word_1_222' title='bbox 356 3679 509 3763; x_wconf 80' lang='lat' dir='ltr'>officiant,</span> <span class='ocrx_word' id='word_1_223' title='bbox 535 3701 599 3747; x_wconf 93' lang='lat' dir='ltr'>non</span> <span class='ocrx_word' id='word_1_224' title='bbox 622 3681 716 3748; x_wconf 88' lang='lat' dir='ltr'>modo</span> <span class='ocrx_word' id='word_1_225' title='bbox 738 3702 779 3748; x_wconf 89' lang='lat' dir='ltr'>ex</span> <span class='ocrx_word' id='word_1_226' title='bbox 801 3681 949 3748; x_wconf 82' lang='lat' dir='ltr'>versibus</span> <span class='ocrx_word' id='word_1_227' title='bbox 973 3683 1101 3746; x_wconf 76' lang='lat'>48-53</span> <span class='ocrx_word' id='word_1_228' title='bbox 1124 3680 1334 3765; x_wconf 87' lang='lat' dir='ltr'>intellegitur,</span> <span class='ocrx_word' id='word_1_229' title='bbox 1359 3700 1489 3765; x_wconf 87' lang='lat' dir='ltr'>qnorum</span> 
     </span>
     <span class='ocr_line' id='line_1_32' title="bbox 356 3784 1488 3868; baseline -0.004 -18"><span class='ocrx_word' id='word_1_230' title='bbox 356 3791 451 3868; x_wconf 83' lang='lat' dir='ltr'>eaput</span> <span class='ocrx_word' id='word_1_231' title='bbox 473 3785 662 3850; x_wconf 43' lang='lat' dir='ltr'>mutilatum*</span> <span class='ocrx_word' id='word_1_232' title='bbox 677 3803 749 3850; x_wconf 84' lang='lat' dir='ltr'>esee</span> <span class='ocrx_word' id='word_1_233' title='bbox 773 3784 1041 3868; x_wconf 65' lang='lat' dir='ltr'>aegrotemus,</span> <span class='ocrx_word' id='word_1_234' title='bbox 1067 3803 1177 3851; x_wconf 87' lang='lat' dir='ltr'>verum</span> <span class='ocrx_word' id='word_1_235' title='bbox 1208 3785 1305 3850; x_wconf 80' lang='lat' dir='ltr'>etiem</span> <span class='ocrx_word' id='word_1_236' title='bbox 1328 3803 1369 3850; x_wconf 82' lang='lat' dir='ltr'>ex</span> <span class='ocrx_word' id='word_1_237' title='bbox 1393 3786 1446 3848; x_wconf 83' lang='grc'>73.</span> <span class='ocrx_word' id='word_1_238' title='bbox 1470 3787 1488 3846; x_wconf 80' lang='lat' dir='ltr'>t</span> 
     </span>
     <span class='ocr_line' id='line_1_33' title="bbox 430 3885 1413 3971; baseline 0.002 -21"><span class='ocrx_word' id='word_1_239' title='bbox 430 3888 487 3950; x_wconf 78' lang='lat' dir='ltr'>red</span> <span class='ocrx_word' id='word_1_240' title='bbox 507 3887 581 3969; x_wconf 75' lang='lat' dir='ltr'>quio</span> <span class='ocrx_word' id='word_1_241' title='bbox 603 3895 667 3950; x_wconf 78' lang='lat' dir='ltr'>tute</span> <span class='ocrx_word' id='word_1_242' title='bbox 691 3886 749 3950; x_wconf 73' lang='lat' dir='ltr'>tior·</span> <span class='ocrx_word' id='word_1_243' title='bbox 762 3886 894 3969; x_wconf 75' lang='lat' dir='ltr'>placida</span> <span class='ocrx_word' id='word_1_244' title='bbox 916 3909 986 3950; x_wconf 84' lang='lat' dir='ltr'>oum</span> <span class='ocrx_word' id='word_1_245' title='bbox 1003 3909 1085 3970; x_wconf 85' lang='lat' dir='ltr'>paee</span> <span class='ocrx_word' id='word_1_246' title='bbox 1107 3887 1226 3971; x_wconf 73' lang='lat' dir='ltr'>quietos</span> <span class='ocrx_word' id='word_1_247' title='bbox 1253 3891 1308 3968; x_wconf 81' lang='lat' dir='ltr'>[se.</span> <span class='ocrx_word' id='word_1_248' title='bbox 1327 3885 1413 3968; x_wconf 76' lang='lat' dir='ltr'>deos]</span> 
     </span>
     <span class='ocr_line' id='line_1_34' title="bbox 430 3989 1179 4075; baseline 0.001 -24"><span class='ocrx_word' id='word_1_249' title='bbox 430 3990 598 4053; x_wconf 76' lang='lat' dir='ltr'>conetiteee</span> <span class='ocrx_word' id='word_1_250' title='bbox 619 4010 748 4074; x_wconf 76' lang='lat' dir='ltr'>nwpnoe</span> <span class='ocrx_word' id='word_1_251' title='bbox 769 3989 891 4053; x_wconf 74' lang='lat' dir='ltr'>irarum</span> <span class='ocrx_word' id='word_1_252' title='bbox 913 3990 1037 4053; x_wconf 78' lang='lat' dir='ltr'>noluere</span> <span class='ocrx_word' id='word_1_253' title='bbox 1046 3989 1179 4075; x_wconf 76' lang='lat' dir='ltr'>fluctuo,</span> 
     </span>
     <span class='ocr_line' id='line_1_35' title="bbox 355 4091 1488 4176; baseline -0.004 -18"><span class='ocrx_word' id='word_1_254' title='bbox 355 4091 476 4158; x_wconf 81' lang='lat' dir='ltr'>seilicet</span> <span class='ocrx_word' id='word_1_255' title='bbox 498 4092 525 4157; x_wconf 84' lang='lat' dir='ltr'>si</span> <span class='ocrx_word' id='word_1_256' title='bbox 547 4092 710 4176; x_wconf 83' lang='lat' dir='ltr'>putaveris</span> <span class='ocrx_word' id='word_1_257' title='bbox 733 4092 874 4157; x_wconf 80' lang='lat' dir='ltr'>tonitruo</span> <span class='ocrx_word' id='word_1_258' title='bbox 903 4098 936 4158; x_wconf 90' lang='lat' dir='ltr'>et</span> <span class='ocrx_word' id='word_1_259' title='bbox 965 4099 1077 4158; x_wconf 87' lang='lat' dir='ltr'>ventos</span> <span class='ocrx_word' id='word_1_260' title='bbox 1102 4092 1144 4157; x_wconf 77' lang='lat' dir='ltr'>ab</span> <span class='ocrx_word' id='word_1_261' title='bbox 1167 4091 1215 4158; x_wconf 87' lang='lat' dir='ltr'>eis</span> <span class='ocrx_word' id='word_1_262' title='bbox 1238 4091 1407 4176; x_wconf 85' lang='lat' dir='ltr'>profioieei.</span> <span class='ocrx_word' id='word_1_263' title='bbox 1453 4091 1488 4155; x_wconf 91' lang='lat' dir='ltr'>ln</span> 
     </span>
     <span class='ocr_line' id='line_1_36' title="bbox 354 4193 1488 4279; baseline -0.003 -19"><span class='ocrx_word' id='word_1_264' title='bbox 354 4193 463 4276; x_wconf 89' lang='lat' dir='ltr'>quinto</span> <span class='ocrx_word' id='word_1_265' title='bbox 486 4193 583 4277; x_wconf 84' lang='lat' dir='ltr'>igitur</span> <span class='ocrx_word' id='word_1_266' title='bbox 604 4194 686 4260; x_wconf 89' lang='lat' dir='ltr'>libro</span> <span class='ocrx_word' id='word_1_267' title='bbox 702 4201 820 4273; x_wconf 88' lang='lat' dir='ltr'>monet,</span> <span class='ocrx_word' id='word_1_268' title='bbox 845 4215 886 4260; x_wconf 93' lang='lat' dir='ltr'>ne</span> <span class='ocrx_word' id='word_1_269' title='bbox 908 4213 949 4261; x_wconf 83' lang='lat' dir='ltr'>ex</span> <span class='ocrx_word' id='word_1_270' title='bbox 971 4195 1110 4279; x_wconf 83' lang='lat' dir='ltr'>sapienti</span> <span class='ocrx_word' id='word_1_271' title='bbox 1126 4200 1222 4277; x_wconf 85' lang='lat' dir='ltr'>atque</span> <span class='ocrx_word' id='word_1_272' title='bbox 1238 4194 1348 4278; x_wconf 83' lang='lat' dir='ltr'>ampla</span> <span class='ocrx_word' id='word_1_273' title='bbox 1362 4193 1488 4258; x_wconf 80' lang='lat' dir='ltr'>institu-</span> 
     </span>
     <span class='ocr_line' id='line_1_37' title="bbox 354 4295 1487 4380; baseline 0.002 -18"><span class='ocrx_word' id='word_1_274' title='bbox 354 4298 439 4363; x_wconf 91' lang='lat' dir='ltr'>tione</span> <span class='ocrx_word' id='word_1_275' title='bbox 455 4297 564 4362; x_wconf 86' lang='lat' dir='ltr'>mundi</span> <span class='ocrx_word' id='word_1_276' title='bbox 581 4296 715 4380; x_wconf 83' lang='lat' dir='ltr'>colligas</span> <span class='ocrx_word' id='word_1_277' title='bbox 731 4296 809 4364; x_wconf 84' lang='lat' dir='ltr'>deos</span> <span class='ocrx_word' id='word_1_278' title='bbox 825 4315 910 4374; x_wconf 62' lang='lat' dir='ltr'>esem</span> <span class='ocrx_word' id='word_1_279' title='bbox 931 4297 1072 4364; x_wconf 75' lang='lat' dir='ltr'>inserto</span> <span class='ocrx_word' id='word_1_280' title='bbox 1088 4297 1181 4363; x_wconf 88' lang='lat' dir='ltr'>docet</span> <span class='ocrx_word' id='word_1_281' title='bbox 1196 4296 1367 4363; x_wconf 81' lang='lat' dir='ltr'>horribiles</span> <span class='ocrx_word' id='word_1_282' title='bbox 1383 4315 1434 4362; x_wconf 83' lang='lat' dir='ltr'>ree</span> <span class='ocrx_word' id='word_1_283' title='bbox 1448 4295 1487 4364; x_wconf 78' lang='lat' dir='ltr'>ad</span> 
     </span>
    </p>
   </div>
   <div class='ocr_carea' id='block_1_5' title="bbox 0 0 1636 4926">
    <p class='ocr_par' dir='ltr' id='par_1_8' title="bbox 0 0 1636 4926">
     <span class='ocr_line' id='line_1_38' title="bbox 0 0 1636 4926; baseline 0 3"><span class='ocrx_word' id='word_1_284' title='bbox 0 0 1636 4926; x_wconf 95' lang='lat' dir='ltr'> </span> 
     </span>
    </p>
   </div>
  </div>
 </body>
</html>
