3258 4928
579 439 622 451 -
669 405 752 486 μοι]
799 437 844 449 -
895 423 899 434 =
1216 405 1278 466 arc

148 591 366 660 κατεσκεύασε
388 593 459 658 κτλ.
491 591 642 660 continno
664 591 770 678 excipi
792 591 910 660 debere
932 611 1036 674 neque
1065 589 1155 658 alind
1181 591 1281 658 inter-

148 699 220 785 poni
253 697 452 765 enuntiatum
487 696 555 782 pati
585 703 617 764 et
645 697 815 763 verborum
841 703 1000 762 structura
1033 695 1218 781 comprobat
1248 701 1281 760 et

149 803 226 870 ratio
247 802 350 868 docet.
397 800 441 868 Ut
462 799 570 866 brevis
593 799 664 881 sim,
695 800 796 866 verbe
818 796 998 886 κράτιστον
1019 799 1056 866 δὲ
1078 796 1219 865 πάντων
1241 794 1279 864 τὸ

147 905 249 992 μηδὲν
271 902 433 980 ἑκουσίως
457 899 650 988 ψεύδεσθαι
678 902 763 990 μηδὲ
785 907 933 986 μιαίνειν
959 901 1019 990 τὴν
1041 896 1147 970 αὑτοῦ
1169 907 1280 969 συνεί-

146 1009 241 1096 δησιν
262 1008 390 1076 lectoris
412 1015 496 1088 sunt,
528 1006 562 1073 ni
585 1006 690 1088 fallor,
720 1005 898 1090 christiani,
924 1006 1015 1073 ouius
1036 1007 1190 1074 intererat
1211 1008 1277 1073 veri

146 1113 284 1180 smdium
314 1112 453 1178 omnium
481 1111 683 1197 Thucydidis
712 1111 864 1178 virtutum
890 1112 1199 1197 praestantissimam
1229 1113 1280 1178 di-

146 1225 227 1284 serte
249 1215 449 1301 praedicare.
496 1214 596 1294 Idem,
622 1235 664 1282 ne
687 1214 759 1298 quis
781 1214 822 1282 de
838 1215 1014 1282 abiciendis
1034 1215 1165 1301 ineptiis
1185 1215 1280 1283 dubi-

145 1327 197 1402 tet,
223 1319 312 1401 alibi,
345 1326 498 1402 quantam
520 1319 585 1386 vim
607 1319 677 1404 ipsc
698 1318 826 1386 veritati
848 1318 1009 1400 tribueret,
1042 1319 1150 1404 planis
1172 1320 1278 1387 vorbis

144 1422 338 1490 declaravit:
370 1443 404 1508 p.
423 1424 529 1488 8164ss
552 1421 633 1488 haec
663 1427 737 1488 sunt
758 1420 905 1506 Dionysii
931 1422 1046 1488 verba:
1080 1415 1190 1502 οὐδεὶς
1217 1417 1279 1490 αὐ-

144 1533 189 1612 τῷ
208 1531 263 1610 (ιο.
281 1524 451 1607 Πλάτωνι)
472 1519 549 1590 κατ’
569 1519 650 1592 αὐτό
674 1547 710 1610 χε
734 1531 832 1592 τοῦτο
855 1521 994 1611 ἐπιτιμᾷ
1010 1522 1275 1609 ἐνθυμούμενος,

146 1624 197 1696 ὅτι
225 1636 283 1716 της
312 1624 506 1716 φιλοσόφου
528 1633 679 1714 θεωρίας
706 1625 835 1706 σκοπός
864 1626 955 1696 ἐστιν
982 1622 1002 1716 ἡ
1025 1635 1084 1717 τῆς
1114 1625 1279 1718 ἀληθείας

147 1741 277 1818 γνῶσις.
324 1732 423 1800 Addit
451 1731 508 1800 ille
531 1727 593 1819 ἀφ’
614 1722 651 1820 ἧς
678 1733 736 1798 καὶ
763 1729 801 1798 τὸ
831 1739 892 1800 τοῦ
918 1737 997 1815 βίον
1026 1735 1121 1812 τίλος
1151 1738 1280 1820 γίνεται

145 1834 305 1924 φανερόν.
351 1837 456 1903 Nimis
484 1837 629 1922 ineptum
653 1837 839 1922 Kruegerus
865 1836 1054 1923 Dionysium
1085 1837 1145 1906 sibi
1173 1837 1274 1923 tingit,

116 1943 214 2008 'cum
231 1942 365 2008 adnotat
386 1945 425 2026 (p.
445 1944 519 2024 dit:
555 1933 638 2026 ,μίκρ’
656 1930 752 2026 ἦς-
768 1935 944 2026 φανερόν].
983 1941 1072 2008 Ηεεα
1088 1941 1194 2010 alieno
1209 1943 1279 2008 loco

142 2044 236 2109 illata
257 2044 413 2122 videntur,
448 2050 483 2108 ut
512 2043 614 2110 obelis
636 2042 778 2110 notanda
806 2049 970 2127 potarem,
1002 2043 1065 2110 nisi
1087 2043 1277 2130 Dionysium

143 2165 194 2212 me
216 2153 354 2211 traotm
377 2145 595 2212 recordarer“.

227 2269 260 2333 p.
280 2250 400 2314 Sititrss
423 2246 553 2334 Καινὴν
575 2247 612 2314 δέ
627 2271 702 2314 τινα
725 2248 782 2314 καί
798 2241 917 2335 ἀτριβῆ
934 2261 1004 2324 τοῖς
1020 2243 1134 2326 ἄλλοις
1152 2272 1278 2335 πορευ-

145 2356 249 2438 θῆναι
275 2351 459 2438 βουληθεὶς
488 2343 570 2417 ὁδὸν
596 2354 750 2434 θερείαις
777 2352 834 2417 καὶ
862 2357 1044 2435 χειμερίοις
1072 2353 1133 2419 luo.
1157 2355 1176 2418 3
1198 2353 1276 2436 litet

146 2459 269 2521 13-15
292 2455 353 2522 litt.
388 2453 519 2538 ἐμέρισε
550 2451 610 2542 τὴν
638 2453 791 2541 ίστορίαν
812 2456 855 2521 Μ.
902 2457 1105 2524 Ambrosiani
1127 2457 1276 2524 lacunam

141 2559 187 2624 ita
209 2559 277 2626 fere
300 2558 493 2645 explendem
516 2577 587 2626 esse
617 2563 798 2645 χειμερίοις
819 2553 972 2649 (ὥραις
1001 2555 1276 2649 ἀκολουθῶν)

141 2662 317 2748 probabilis
340 2670 390 2730 est
411 2663 449 2728 R.
469 2661 621 2730 Schoellii
643 2663 825 2732 coniectura
851 2684 909 2750 per
930 2665 1079 2748 colloquii
1108 2664 1276 2732 familiaris

141 2767 342 2834 suessionem
365 2787 488 2834 mecum
507 2767 748 2848 communicata,
774 2767 815 2834 ol.
840 2789 873 2854 p.
892 2770 997 2835 dtdoss
1020 2763 1096 2834 οὔτε
1119 2763 1181 2854 γὰρ
1205 2779 1276 2845 ταῖς

142 2867 262 2948 τόποις
288 2921 294 2936 .
317 2921 323 2935 .
345 2921 351 2936 .
377 2865 578 2937 ἀκολουθῶν
593 2868 725 2956 ἐμέρισε
748 2867 809 2948 τὰς
824 2868 992 2959 διηγήσεις
1017 2923 1024 2936 .
1045 2923 1080 2937 ..
1107 2865 1182 2938 οὔτε
1205 2884 1277 2948 τοῖς

140 2974 276 3058 χρόνοις
298 2975 369 3040 κτλ.
416 2975 467 3040 Ad
488 2975 677 3043 femininum
699 2980 868 3062 χειμέριος
890 2975 1037 3044 conferas
1059 2977 1099 3042 A.
1117 2977 1155 3040 R.
1174 2977 1219 3042 VI
1234 2979 1275 3042 ot

140 3099 174 3164 p.
193 3081 267 3143 2861
300 3071 371 3164 ὥρᾳ
398 3077 494 3156 ἕσσας
522 3082 692 3164 χειμερίῳ.
739 3080 812 3145 132
834 3100 865 3164 p.
886 3081 941 3145 39⁵
963 3076 1049 3161 μετὰ
1076 3075 1137 3156 τὰς
1164 3102 1276 3161 χειμε-

140 3185 235 3264 ρίους
257 3177 398 3266 τροπάς.

228 3306 260 3370 p.
280 3287 400 3351 83710ss
420 3279 498 3372 ’Ἑτη
522 3281 585 3370 γὰρ
609 3281 697 3351 ἑπτὰ
719 3285 777 3350 καὶ
798 3283 905 3350 ε’ίκοσι
927 3282 1188 3372 περιειληφότος
1214 3291 1276 3352 τοῦ

140 3389 295 3472 πολέμου
316 3385 431 3455 πάντα
454 3387 514 3455 τὸν
535 3385 660 3474 χρόνον
680 3394 802 3456 τοῦτον
823 3387 887 3466 ἕως
908 3395 967 3477 τῆς
984 3385 1199 3466 καταλύσεως
1214 3381 1276 3456 αὗ-

142 3497 206 3556 τοῦ
234 3488 361 3572 βιώσας
382 3497 481 3578 μέχρι
510 3498 571 3558 τοῦ
599 3491 758 3578 δευτέρον
786 3493 843 3558 καί
872 3491 1026 3559 εἰκοστοῦ
1053 3495 1276 3575 κατεβίβασεν

138 3591 237 3670 ἕσσας
259 3591 320 3681 τὴν
340 3594 494 3681 ἱστορίαν
518 3646 525 3660 .
547 3646 554 3660 .
576 3646 583 3660 .
607 3595 793 3663 καὶταῦτα
815 3593 1023 3684 προειρηκὼς
1043 3594 1080 3662 ἐν
1093 3602 1141 3680 τῷ
1155 3619 1276 3681 προοι-

136 3699 207 3781 μίῳ
230 3695 344 3764 πάντα
366 3697 625 3786 περιλήψεσθαι
645 3697 688 3766 τὰ
703 3705 906 3787 πραχθέντα
921 3695 1008 3766 κατὰ
1021 3696 1119 3766 τόνδε
1134 3695 1195 3766 τὸν
1208 3696 1276 3764 πό-

138 3800 259 3882 λεμον·
284 3801 340 3864 καλ
357 3799 394 3868 ἐν
408 3808 447 3886 τῇ
463 3807 602 3887 πέμπτῃ
618 3803 726 3888 βίβλῳ
742 3801 848 3870 πάλιν
870 3803 1220 3890 σονεκεφαλαίοο
1238 3825 1274 3867 τε

138 3900 220 3980 τοὺς
241 3901 384 3989 χρόνους
399 3899 461 3992 ἀφ’
477 3897 517 3973 οὗ
534 3899 563 3969 τ’
583 3901 705 3994 ἤρξατο
728 3907 786 3972 καὶ
807 3911 905 3993 μέχρι
921 3896 962 3973 οὗ
980 3901 1163 3991 προελθὼν
1177 3927 1275 3970 κατε-

137 4005 230 4095 λύθη
253 4014 359 4074 ταῦτα
382 4006 468 4074 κατὰ
490 4010 580 4088 λέξιν
602 4005 780 4096 γεγραφώς
799 4011 844 4076 Μ.
890 4009 1117 4095 Imperfectum
1140 4029 1275 4075 συνεκε-

137 4113 293 4199 φαλαίοα
325 4113 414 4178 nnllo
446 4113 541 4179 modo
569 4113 602 4179 in
629 4113 785 4180 enuntiati
819 4119 1010 4180 structuram
1044 4110 1203 4196 quadrare
1231 4111 1271 4193 is,

136 4215 195 4299 qui
223 4216 373 4300 volgatae
405 4216 574 4284 lectionem
609 4217 935 4306 σονανακεφαλαιῶν
960 4214 1152 4299 introduxit,
1189 4221 1275 4282 recte

136 4321 314 4405 perspexit,
340 4341 533 4404 quamquam
548 4341 590 4389 ne
605 4320 651 4388 ita
665 4321 794 4405 quidem
809 4323 898 4390 locus
913 4327 1055 4388 sanatur.
1096 4319 1180 4386 Nam
1196 4339 1276 4386 σαν-
