3268 4920
316 391 375 454 aa
775 425 816 434 -
866 387 949 470 urna]
998 423 1040 432 -

405 585 424 640 u*
460 575 558 642 Haud
589 575 698 640 miuus
728 575 880 640 cotidiani
911 576 1069 642 sermonis
1100 580 1150 640 est
1179 583 1267 638 rectu
1302 573 1382 656 (scil.
1409 574 1464 638 oin

318 680 411 747 Corn.
438 680 493 760 lv,
521 685 572 752 50,
593 681 633 742 63
657 678 687 741 a·
707 679 752 742 ud
772 699 820 742 mc
843 688 929 744 recta
948 681 1071 742 domum
1095 678 1253 756 adauctam
1281 676 1323 742 cf.
1350 676 1461 744 Koeh-

316 785 363 849 ler
385 791 447 848 act.
474 783 539 848 Erl.
567 783 680 867 Ipag.
707 785 768 844 454
786 800 835 864 sq.

404 891 425 966 a]
454 885 503 951 De
519 885 625 969 ellipsi
641 883 791 948 infinitivi
803 883 888 968 fleri
901 885 933 952 iu
949 885 1094 951 formulis
1111 883 1302 967 quibusdam
1318 884 1460 950 maxime

269 1036 272 1047 ,
319 989 448 1054 comicis
482 987 586 1072 poetis
620 987 832 1053 familiaribus
863 987 907 1054 ct.
940 987 1017 1054 Brix
1047 987 1089 1052 ad
1119 987 1225 1054 Plaut.
1259 987 1348 1052 'Ibin
1375 991 1454 1064 765;

319 1091 439 1157 Lorenu
463 1089 504 1156 ad
527 1091 632 1156 Plaut.
658 1090 752 1156 Most.
779 1093 859 1163 361;
886 1090 1055 1157 Antibarb.
1082 1109 1158 1175 pag.
1185 1092 1260 1156 886.
1308 1091 1388 1157 Item
1411 1091 1460 1156 le-

319 1195 404 1278 gitur
427 1195 457 1258 sr'
472 1203 580 1277 potest
601 1214 659 1278 pro
681 1193 711 1256 si
722 1193 807 1278 fieri
826 1202 935 1276 potest
956 1192 1045 1278 apud
1067 1193 1163 1259 Corn.
1190 1193 1244 1270 lv,
1273 1197 1324 1274 50,
1344 1196 1384 1257 63
1412 1194 1459 1256 ci-

319 1299 390 1360 deto
414 1305 448 1362 ot
470 1295 639 1382 dilabenter
667 1305 880 1376 numerentur,
914 1297 944 1360 ss'
966 1305 1092 1379 potest,
1124 1304 1197 1360 uate
1226 1304 1363 1374 noctem,
1398 1315 1460 1377 quo

319 1401 388 1465 loco
412 1398 616 1466 Cornificium
639 1399 799 1484 plebeium
822 1398 938 1465 imitari
962 1418 1141 1465 sermonem
1169 1399 1234 1465 iam
1265 1417 1363 1482 supra
1391 1418 1461 1464 mo-

319 1503 458 1569 unimus.

470 1605 487 1689 6
511 1609 541 1668 9.
583 1605 638 1671 De
661 1604 1030 1670 enuntiationibus
1053 1603 1305 1688 compositis.

407 1709 444 1772 In
468 1707 629 1772 Comificii
660 1715 692 1772 et
714 1707 753 1773 iis
777 1707 942 1773 Ciceronis
965 1707 1074 1788 libris,
1107 1725 1187 1789 quos
1210 1707 1243 1770 in
1267 1707 1328 1774 hoc
1350 1707 1461 1773 libello

321 1812 493 1896 praecipue
531 1810 734 1894 respicimus,
772 1829 870 1893 saepe
903 1809 1037 1876 secundi
1069 1809 1191 1876 ordinis
1226 1811 1461 1878 enuntiationes

321 1914 441 1980 omissa
470 1913 627 1998 particula
656 1932 711 1994 ea,
750 1933 815 1996 qua
844 1912 1060 1997 probatissimi
1091 1919 1238 1978 auctores
1267 1913 1313 1978 uti
1344 1914 1458 1996 solent,

321 2015 466 2082 faciliore
489 2025 521 2082 et
543 2015 634 2100 quasi
659 2014 859 2100 expeditiore
882 2014 975 2081 modo
998 2015 1234 2100 coniunguntur
1263 2035 1335 2082 curn
1368 2036 1463 2100 prae-

321 2101 455 2186 cedente
484 2119 702 2184 enuntiatione
725 2118 887 2204 primaria.
934 2117 1026 2195 Quod
1057 2117 1204 2203 inprimis
1232 2117 1269 2184 lit
1294 2119 1328 2184 in
1359 2139 1462 2184 enum-

321 2222 508 2288 tiatiouibus
536 2220 702 2304 finalibus,
735 2221 768 2286 in
799 2221 914 2304 quibus
944 2220 1054 2306 optimi
1084 2221 1255 2306 scriptores
1285 2223 1462 2307 particulas

207 2401 211 2408 1
322 2334 357 2389 ut
380 2333 411 2390 et
433 2347 472 2388 nc
494 2323 647 2390 adhibere
671 2324 788 2400 solent3
815 2325 848 2388 in
871 2322 922 2388 bis
945 2324 1028 2389 eninr
1053 2324 1326 2390 enuntiationibus
1349 2325 1464 2391 Comi-

323 2426 429 2508 licius‚
464 2427 575 2494 Cicero
597 2427 630 2491 in
660 2426 771 2511 primis
801 2427 909 2508 libris,
943 2427 1082 2509 denique
1112 2447 1152 2492 ex
1181 2427 1314 2512 reliquis
1344 2448 1463 2496 aureae

323 2531 440 2597 aetatis
467 2549 580 2615 prosae
610 2529 762 2595 orationis
792 2529 976 2596 auctoribus
1005 2530 1178 2616 praecipue
1207 2531 1380 2596 Sallustius
1410 2531 1464 2596 iu-

322 2633 446 2698 liuitivo
472 2633 665 2716 aliquotiens
695 2640 836 2698 utuntur.
884 2633 1001 2698 Postea
1030 2639 1136 2700 autem
1161 2634 1273 2700 Cicero
1303 2641 1335 2699 et
1364 2635 1463 2700 ceteri

322 2736 528 2820 elegantioris
552 2736 708 2802 sermonis
730 2742 876 2801 auctores
899 2735 954 2801 ubi
976 2735 1111 2820 primum
1141 2735 1370 2820 perpoliendao
1400 2738 1463 2802 lin-

324 2859 407 2924 guae
430 2838 741 2923 curamimpendere
756 2845 788 2903 et
803 2838 979 2904 secundum
995 2840 1274 2922 grammaticorum
1290 2848 1465 2926 praecepta

324 2942 453 3025 singula
476 2941 728 3008 enuntiationum
753 2961 871 3025 genera
894 2942 1076 3008 accuratius
1099 2941 1276 3024 disquirere
1297 2951 1329 3008 et
1345 2943 1376 3008 in
1393 2963 1464 3008 cer-

325 3053 391 3110 tum
422 3043 564 3109 ordinem
595 3044 740 3127 redigere
770 3051 962 3127 coeperunt,
994 3045 1036 3110 ab
1066 3045 1157 3110 initio
1186 3045 1219 3110 id
1251 3054 1404 3128 egerunt,
1430 3053 1465 3112 ut

325 3147 462 3232 singulis
485 3147 738 3213 enuntiationum
769 3148 939 3232 generibus
969 3147 1115 3232 proprios
1146 3155 1178 3213 et
1207 3147 1464 3232 circumscriptos

325 3251 551 3317 constituerent
573 3251 663 3317 lines.
712 3249 804 3316 Unde
827 3249 946 3316 factum
970 3257 1034 3332 cst,
1060 3258 1095 3316 ut
1117 3252 1219 3317 multa
1241 3252 1355 3330 verba,
1382 3271 1464 3334 quac

325 3363 423 3421 antea
444 3375 515 3420 cum
540 3353 696 3419 infinitivo
720 3353 861 3419 construi
885 3352 1018 3433 licebat,
1045 3353 1108 3418 iarn
1132 3352 1173 3418 ad
1196 3353 1329 3420 aliorum
1353 3355 1464 3420 simili-

325 3457 468 3523 tudinem
493 3476 563 3522 cum
587 3455 747 3540 particula
770 3455 879 3538 aliqua
901 3456 1180 3539 coniungerentur.

413 3559 560 3625 Huncin
587 3558 714 3624 modum
744 3559 891 3643 inprimis
914 3559 1012 3624 verba
1040 3558 1187 3622 monendi
1214 3558 1363 3622 hortandi
1390 3581 1466 3622 san-

325 3665 422 3728 dendi
442 3662 561 3728 similia
583 3662 669 3747 apud
693 3661 894 3728 Cornificium
919 3661 1005 3727 etin
1028 3659 1193 3728 Ciceronis
1218 3660 1258 3726 de
1281 3661 1466 3727 inventione

326 3767 417 3832 libris
440 3765 631 3850 aliquotiens
654 3786 725 3831 curn
749 3763 906 3830 infinitivo
930 3764 1100 3829 coniuncta
1123 3771 1214 3844 sunt,
1248 3783 1320 3828 cum
1342 3764 1374 3828 in
1398 3765 1467 3830 ele-

326 3870 471 3954 gantiore
495 3889 641 3935 sermone
664 3869 767 3936 altera
789 3867 982 3935 constructio
1005 3867 1155 3951 apposita
1175 3867 1334 3951 particula
1349 3875 1384 3930 nt
1399 3865 1468 3932 fere

328 3975 399 4038 sola
421 3974 462 4038 sit
485 3972 639 4057 legitima.

414 4075 467 4140 Sic
492 4075 556 4160 legi
583 4081 601 4156 r)
630 4097 755 4139 monere
770 4073 836 4139 cto.
862 4073 927 4138 inv.
948 4073 989 4154 ΙΙ,
1010 4075 1062 4154 ⁹22,
1079 4077 1119 4137 66
1143 4095 1222 4157 quac
1237 4093 1314 4153 erpo
1324 4071 1469 4154 patruum

327 4215 371 4226 —
394 4179 533 4264 <affictum
549 4201 733 4243 cormeroare
748 4185 888 4254 monnau
915 4176 969 4240 fin.
993 4181 1020 4253 l,
1040 4179 1092 4256 20,
1112 4179 1153 4239 66
1176 4176 1258 4240 ratio
1280 4175 1350 4258 ipsa
1366 4183 1470 4238 montet

331 4280 487 4345 amicitias
514 4303 698 4364 comparare
731 4279 805 4357 (vid.
831 4299 914 4363 quae
944 4298 1042 4364 supra
1064 4299 1139 4362 pag.
1167 4281 1215 4360 'lli
1245 4275 1470 4342 adnotavimus
