3238 4920
315 397 356 458 ea
751 427 792 438 —
841 393 925 473 [tol]
973 427 1016 436 -

316 580 489 664 scriptores
512 599 644 664 prorsus
664 579 835 658 evitarunt,
862 587 968 644 tamen
983 579 1069 644 intra
1083 583 1239 644 certarum
1255 577 1454 661 quarundam

315 683 510 750 locutionum
533 682 614 750 lines
637 682 866 764 substiterunt,
897 683 987 749 velut
1007 703 1131 759 reram,
1163 683 1254 765 rapui
1274 682 1378 765 potiri
1403 682 1452 760 sol.

316 786 381 852 Cic.
416 787 511 852 Rosa.
544 787 616 850 Am.
645 789 695 868 25,
721 789 760 849 70
784 785 1035 868 pracdcata‘aa'ma
1063 784 1173 850 avita
1202 784 1453 866 mamam,

315 891 389 953 dam
413 913 449 954 ea
465 911 570 954 reram
588 889 694 972 potita
704 891 724 970 ¹)
752 898 808 970 eat,
825 889 936 975 fabae
953 889 1115 972 traditur).
1154 888 1223 955 Neo
1237 889 1344 954 minua
1359 889 1458 954 tertia

315 992 372 1058 illa
401 991 488 1077 apud
511 991 714 1059 Cornificium
744 999 873 1058 exstare
900 991 1017 1058 dicitur
1045 990 1314 1074 constructioni,
1341 995 1394 1072 54,
1414 991 1457 1056 68

315 1095 423 1160 atatim
435 1094 559 1178 potitur
574 1095 688 1179 Abydo
698 1095 736 1180 ²).
777 1095 890 1179 ltaque
906 1115 977 1161 cnm
993 1092 1081 1179 apud
1097 1093 1299 1160 Cornificium
1314 1101 1381 1160 tres
1396 1113 1457 1178 pa-

315 1197 393 1264 riter
404 1205 582 1264 structurae
595 1197 647 1264 vel
660 1198 775 1264 saltem
786 1197 870 1264 duee
882 1197 1040 1282 permixte
1052 1195 1275 1280 adhibeantur,
1287 1217 1329 1262 ex
1341 1195 1459 1281 prioris

190 1317 194 1328 ·
317 1299 474 1368 sermonis
496 1300 589 1384 copia
610 1300 742 1366 arbitrio
771 1301 823 1368 vel
852 1300 971 1367 iudicio
1000 1319 1108 1367 eorum
1139 1301 1192 1384 qui
1222 1301 1351 1366 maculo
1381 1307 1456 1364 ante

317 1403 393 1470 Chr.
412 1405 566 1490 aprima
587 1403 818 1489 perpoliendae
839 1404 971 1488 liuguae
993 1423 1123 1489 operam
1139 1403 1311 1483 navabant,
1337 1423 1456 1484 magna

316 1515 386 1574 orta
408 1513 458 1574 est
479 1507 599 1591 inopia.

403 1609 501 1676 Verbi
519 1609 712 1693 pereuadere
735 1609 874 1676 activum
897 1629 937 1676 ex
960 1609 1086 1694 priseae
1109 1609 1223 1676 aetatis
1246 1610 1458 1695 scriptoribus

317 1711 441 1778 Ennius
473 1731 544 1778 oum
574 1712 757 1778 accusativo
787 1713 952 1778 coniunxit
988 1713 1027 1778 ir.
1054 1714 1115 1778 inc.
1142 1712 1214 1778 libr.
1239 1718 1258 1776 4
1282 1713 1310 1778 V
1334 1712 1405 1798 qua
1428 1721 1457 1776 te

314 1815 487 1899 persuasit.
535 1814 623 1881 Haeo
646 1816 839 1882 constructio
861 1816 895 1880 in
917 1835 1017 1883 aurea
1039 1816 1199 1882 latinitate
1224 1835 1382 1899 nusquam
1404 1835 1459 1881 oo-

318 1918 435 1995 currit;
461 1937 503 1983 er
525 1937 641 2003 prosae
664 1917 818 1986 orationis
841 1920 1024 1985 auctoribus
1053 1919 1222 2005 participio
1252 1919 1335 2004 perf.
1366 1939 1454 2004 pass.

313 2041 487 2104 percarus
515 2019 557 2103 (h.
582 2041 613 2086 e.
638 2021 665 2085 ia
687 2022 740 2086 cai
754 2041 943 2104 persuasam
966 2030 1023 2102 est,
1050 2021 1107 2106 qui
1127 2043 1313 2106 peractarum
1335 2021 1462 2106 aliquid

319 2121 436 2206 laudet),
463 2123 515 2188 usi
537 2129 611 2190 sunt
633 2123 682 2189 hi:
710 2123 849 2205 Comi,
877 2129 908 2206 6,
928 2127 947 2188 9
970 2147 1040 2188 cam
1062 2125 1185 2190 animae
1207 2124 1363 2190 auditonis
1379 2145 1457 2207 per-

319 2225 661 2306 concameratam,
689 2231 719 2308 6,
742 2231 780 2291 10
803 2227 834 2290 ai
844 2249 1018 2311 perseam
1033 2227 1159 2292 meditor
1170 2228 1296 2314 suerit:
1324 2227 1455 2294 Caeam.

319 2347 373 2412 ap.
400 2327 467 2394 dic.
494 2329 569 2394 fam.
596 2332 626 2412 6,
648 2331 716 2411 7,2
746 2330 855 2394 eiecit
877 2338 907 2394 et
927 2351 1097 2414 pars-uacua
1119 2340 1182 2410 eat3
1216 2337 1302 2396 auat.
1328 2331 1361 2396 b.
1386 2329 1455 2394 Aa.

321 2437 360 2495 bb
389 2432 596 2516 Caesarisque
617 2433 740 2498 aomriae
762 2434 920 2516 persuasi.
969 2434 1019 2499 nx
1047 2433 1099 2500 his
1126 2434 1224 2518 igitur
1252 2433 1460 2519 scriptoribus

321 2551 403 2600 unus
425 2554 464 2601 eo
486 2533 591 2600 floruit
620 2541 779 2620 tempore,
812 2557 875 2620 quo
906 2555 1010 2604 sermo
1038 2537 1179 2604 urbanus
1208 2537 1349 2603 nondum
1379 2535 1460 2604 satis

320 2643 389 2701 erat
411 2637 566 2718 excultus,
593 2637 675 2704 alter
690 2638 854 2706 Ciceronis
870 2640 1089 2707 unewutatem
1110 2659 1174 2706 non
1189 2639 1316 2707 videtur
1329 2647 1462 2706 secutus

320 2757 402 2820 esse,
429 2739 541 2807 tertius
564 2740 692 2825 plebeio
713 2761 793 2808 usus
809 2749 859 2809 est
873 2761 1030 2810 sermone.
1069 2743 1164 2828 Apud
1181 2743 1368 2810 Ciceronem
1384 2744 1458 2810 olim

321 2849 481 2909 structura
502 2843 560 2910 illa
583 2846 683 2910 semel
706 2845 873 2929 legebatur
894 2845 979 2911 Tull.
1005 2851 1055 2927 16,
1075 2849 1115 2912 39
1138 2847 1365 2932 reciperatores
1382 2867 1461 2930 per-

320 2945 480 3024 suaderes,
505 2963 597 3029 quern
620 2947 725 3013 locum
748 2946 895 3030 equidem
912 2948 1060 3016 Baiarum
1084 2957 1169 3016 recte
1192 2948 1384 3016 emendasse
1407 2969 1461 3016 ar-

321 3045 429 3132 bitror,
456 3067 526 3114 aum
549 3049 702 3116 scriberet
724 3051 987 3134 recuperatorem
1007 3054 1228 3136 permadarec.
1273 3051 1461 3120 Ciceronem

321 3149 407 3217 enim
430 3151 528 3218 etiam
551 3151 718 3238 participio
740 3154 820 3239 perf.
847 3175 936 3239 pass.
960 3155 1056 3240 idque
1078 3155 1112 3220 in
1134 3155 1207 3241 ipso
1229 3156 1335 3242 priore
1354 3155 1396 3222 de
1410 3156 1461 3222 irr-

321 3251 472 3320 rentioue
494 3253 575 3321 libro
598 3254 638 3322 de
661 3255 821 3324 industria
843 3277 972 3343 prorsus
994 3258 1192 3326 abstinuisse
1208 3259 1386 3326 luculenter
1401 3277 1461 3344 ap—

323 3363 415 3442 paret
437 3359 478 3423 eir
500 3357 569 3424 loco
591 3358 657 3426 inv.
682 3360 709 3443 1,
739 3364 788 3442 17,
809 3364 850 3425 23
873 3361 903 3425 ai
924 3397 962 3408 -
988 3364 1027 3427 ab
1051 3361 1101 3442 iic,
1128 3361 1184 3447 qai
1204 3370 1277 3426 ante
1299 3361 1460 3438 diamant,

325 3493 362 3506 -
388 3459 530 3524 auditori
544 3481 735 3544 pererratam
758 3463 880 3528 uidetur
902 3484 974 3530 curn
996 3464 1062 3531 illis
1085 3463 1244 3532 cornificii
1273 3465 1352 3531 locis
1373 3483 1463 3531 oom-

323 3569 445 3646 parato.
476 3597 513 3612 -
537 3563 674 3646 Reliqua
696 3567 858 3650 exempla,
885 3566 1000 3650 quibus
1017 3569 1212 3650 persuadere
1228 3567 1465 3634 constructione

323 3664 494 3732 bansitiva
526 3665 701 3751 protertur,
743 3687 815 3734 cum
849 3675 998 3736 accurate
1032 3669 1252 3753 congesserint
1286 3670 1375 3736 Neue
1409 3669 1465 3734 11²

324 3805 529 3814 ---—.--n—-.-

397 3871 413 3934 ¹)
435 3869 478 3926 De
496 3885 530 3926 es
549 3885 631 3940 quam
649 3871 902 3941 potieadtverbum
921 3873 974 3930 boe
994 3875 1055 3930 loco
1074 3873 1159 3932 habet
1177 3873 1383 3944 significatione
1404 3873 1465 3930 vid.

325 3953 465 4012 Halmium
483 3955 519 4010 ad
539 3956 565 4010 h.
586 3957 619 4020 l.;
641 3956 779 4014 Heraeum
797 3960 833 4013 ad
852 3959 918 4015 Tac.
940 3959 1005 4016 bist.
1028 3961 1052 4026 3,
1069 3963 1110 4012 rt.

393 4041 411 4102 ll
434 4037 490 4096 Sed
509 4057 570 4096 aum
588 4043 685 4111 optimi
705 4043 817 4100 codices
835 4044 888 4101 boo
907 4047 967 4102 loco
985 4045 1139 4116 praebeant
1154 4046 1284 4100 abacistae
1297 4048 1330 4115 p¹
1344 4064 1374 4110 n,
1394 4045 1467 4098 ada-

325 4125 402 4179 bitem
422 4125 474 4190 he,
497 4123 615 4182 tortasse
633 4128 837 4184 restituendum
855 4136 899 4185 est
917 4131 1016 4200 Abydi.
1034 4132 1097 4184 rtem
1109 4150 1166 4202 sqq.
1191 4131 1274 4201 (quod
1287 4130 1346 4186 lere
1359 4131 1469 4188 habent

325 4208 374 4265 bl²
390 4224 457 4279 cg).
495 4209 575 4274 Quod
594 4213 617 4266 si
637 4221 712 4269 recte
730 4215 849 4281 conieci,
871 4215 951 4271 deest
973 4215 1048 4286 apud
1073 4215 1253 4272 Cornliiclum
1277 4217 1361 4272 tertia
1384 4217 1469 4271 verbi

320 4293 409 4364 patiri
426 4303 574 4362 structura,
596 4313 651 4366 qna
670 4315 730 4354 cnm
750 4299 876 4356 ablativo
894 4303 1081 4372 coniungitur.
