3262 4926
803 370 1018 432 ..22-

820 557 896 620 dam
910 557 1068 641 perspicis
1091 579 1210 622 omnem

497 665 645 722 naturam
667 681 784 738 rerum,
810 681 873 744 quo
895 668 1013 724 constet
1035 669 1159 743 compta
1175 660 1290 746 fipura

343 764 376 824 et
498 767 591 844 atque
613 761 713 826 animi
732 763 878 846 quoniam
901 764 994 828 docui
1013 771 1129 828 natura
1151 765 1228 848 quid
1247 773 1328 828 earet

497 872 528 928 et
550 865 661 950 quidus
683 890 699 930 e
720 868 812 932 redae
835 889 906 932 oum
928 889 1058 951 corpore
1080 877 1205 952 compta
1226 868 1348 952 eriperet

342 985 378 1036 se
406 967 645 1051 'excipientibus
678 969 850 1036 admodum
885 969 966 1036 dura
999 971 1176 1038 exstitisset
1208 971 1357 1055 repetitio
1391 973 1487 1038 verbi

341 1078 481 1154 comptu,
512 1073 578 1138 illis
608 1073 720 1139 leviter
748 1073 879 1140 mutatis
906 1081 1020 1159 poetae
1050 1076 1233 1159 elegantiae
1262 1075 1343 1141 satis
1374 1074 1487 1142 faeere

343 1173 404 1240 sibi
426 1174 516 1242 visus
539 1182 599 1242 est.

429 1277 510 1343 Cum
532 1277 630 1361 igitur
652 1285 684 1344 et
707 1279 915 1346 Lueretianos
936 1299 1050 1346 versus
1073 1288 1233 1365 repeteret
1255 1289 1299 1360 et,
1323 1281 1378 1346 ubi
1401 1300 1486 1365 opus

343 1398 416 1446 esse
446 1379 624 1463 videbatur,
656 1402 697 1448 ex
726 1401 784 1448 suo
812 1382 943 1466 iugenio
976 1403 1081 1468 pauca
1113 1383 1264 1466 adderet,
1298 1383 1488 1452 emendavit

342 1480 444 1548 editor
467 1483 644 1550 carminum
667 1491 858 1552 contextum.
885 1523 929 1534 -

428 1687 480 1752 Ad
503 1687 638 1754 eandem
662 1690 730 1756 eius
745 1711 886 1775 operam,
912 1691 975 1758 nisi
991 1692 1095 1774 fallor,
1122 1693 1203 1759 haee
1219 1694 1281 1758 tria
1297 1693 1414 1760 iterata
1430 1715 1486 1760 re—

344 1789 478 1856 ferenda
501 1799 585 1870 suut,
611 1792 651 1858 de
673 1792 789 1876 quibus
813 1815 897 1860 nune
911 1815 1016 1879 agam.
1057 1796 1198 1874 Quorum
1214 1796 1287 1876 duo,
1308 1817 1379 1862 oum
1396 1796 1485 1864 inter

345 1911 380 1958 se
402 1893 468 1961 sint
490 1893 663 1974 simillima,
689 1915 753 1962 non
776 1895 887 1964 dubito
908 1897 964 1962 uni
987 1905 1019 1964 et
1034 1898 1137 1964 eidem
1153 1899 1276 1966 auctori
1292 1898 1481 1982 adsignare.

429 1996 583 2080 Legimus
607 1999 691 2064 enim
714 2000 747 2064 in
770 2000 850 2066 libro
873 2001 1013 2067 seonndo
1036 2007 1109 2086 post
1131 2022 1259 2070 versum
1282 2007 1344 2066 477

453 2103 559 2186 quod
580 2103 765 2186 quereiam
786 2104 921 2182 docui,
941 2125 1113 2191 perpera
1133 2114 1340 2170 conectere
1366 2127 1447 2170 rem

494 2227 594 2289 quoe

452 2330 497 2372 aa
519 2308 590 2372 hoo
612 2308 854 2395 aptosidem
876 2311 1014 2392 ducat,
1037 2311 1272 2394 primordio
1295 2333 1429 2376 rerum

450 2411 541 2476 rinita
564 2412 688 2476 variare
696 2412 884 2497 fiporerum
906 2414 1038 2478 ratione.

343 2521 376 2580 et
398 2516 496 2599 paulo
519 2524 592 2600 post

409 2620 470 2682 522
495 2619 810 2704 quodquoniam
832 2620 962 2700 docui,
983 2630 1381 2707 perpamcoaeotere
1402 2645 1486 2687 rem

537 2744 637 2807 quoe
1250 2805 1252 2810 Ι

495 2847 540 2888 ea
559 2825 894 2911 deceptafe'dem
912 2827 1303 2912 duoot,primorda'o
1325 2849 1482 2907 rerum,

495 2927 576 2991 inter
598 2951 630 2992 ae
652 2927 750 2994 rimati
769 2951 848 3013 quoe
870 2939 944 2994 ruat
960 2932 1109 3017 perfecto
1117 2931 1244 3015 fipuro,

494 3029 619 3114 definita
642 3032 755 3096 oluere.

343 3131 501 3213 Plerique,
528 3132 583 3215 qui
605 3142 705 3199 artem
729 3134 870 3200 oritieam
893 3133 925 3199 in
949 3133 1090 3202 Lueretii
1113 3135 1308 3202 oamminibus
1327 3155 1487 3204 exercue-

345 3242 427 3315 runt,
454 3235 657 3302 offenderunt
679 3236 712 3306 iu
734 3237 881 3304 versibus

451 3340 537 3424 quod
557 3339 704 3422 quereiam
726 3339 827 3419 docui,
847 3361 983 3424 peream
1004 3347 1163 3404 conectere
1185 3361 1251 3404 rem
1273 3361 1352 3424 ptrue

451 3465 489 3505 ea
511 3441 569 3504 lane
590 3451 667 3525 apto
676 3443 782 3526 fidem
804 3444 908 3522 ducat,
930 3442 1111 3525 primordia
1134 3464 1238 3506 reram

343 3564 381 3612 ao
406 3565 513 3629 paene
536 3565 646 3612 omnes
677 3551 920 3624 consenserunt,
946 3545 1031 3628 quod
1054 3543 1134 3610 mihi
1156 3565 1283 3629 quoque
1313 3546 1482 3630 probatur,

334 3648 525 3733 ¹Lucretium
554 3668 611 3722 eos
641 3656 706 3715 tam
736 3648 826 3716 brevi
853 3648 1023 3714 intervallo
1053 3654 1198 3732 repetere
1228 3668 1292 3714 non
1322 3650 1485 3733 potuisse.

343 3752 445 3820 Nemo
475 3759 583 3820 tamen
618 3751 761 3818 animum
794 3751 972 3818 advertisse
1001 3750 1127 3818 videtur
1155 3750 1311 3818 contineri
1339 3752 1389 3818 eis
1419 3773 1487 3820 nou

343 3855 439 3939 plane
461 3854 614 3923 usitatam
641 3854 839 3938 transitionis
869 3855 1054 3936 formulam,
1087 3874 1170 3937 quae
1198 3873 1262 3920 non
1291 3854 1324 3918 in
1354 3875 1484 3938 omnes,

342 3957 396 4024 ubi
411 3957 453 4023 ad
474 3977 591 4023 norum
606 3957 729 4040 aliquid
744 3964 934 4038 transeatur,
954 3958 1040 4023 looos
1057 3956 1237 4023 conveniat.
1273 3957 1488 4025 Perreoturus

342 4060 516 4144 igiturest
544 4068 639 4146 poeta
668 4081 734 4126 rem
766 4067 947 4140 ooueotere,
981 4080 1064 4144 quae
1093 4080 1133 4126 ex
1161 4060 1238 4138 hoo,
1271 4059 1358 4144 quod
1386 4063 1488 4128 modo

343 4163 466 4243 doouit,
504 4171 582 4248 apta
609 4164 704 4230 fidem
733 4164 840 4230 duoet.
893 4163 985 4242 Quod
1016 4163 1095 4228 nihil
1125 4162 1285 4246 signifieat
1312 4164 1378 4230 nisi
1410 4185 1488 4232 eam

343 4286 426 4346 rem,
460 4266 503 4332 ad
532 4287 627 4349 quam
659 4274 755 4351 poeta
784 4286 869 4332 nuno
898 4265 1119 4349 aggrediatur,
1158 4265 1320 4331 artissimo
1356 4286 1490 4334 eouexu
