3258 4928
313 421 374 481 nso
747 451 789 460 -
837 413 921 496 [314]
969 449 1012 458 -

310 627 342 690 p.
365 607 484 684 tomo,
515 625 558 679 τις
594 595 676 666 ὅσον
704 599 737 666 οἱ
764 601 829 684 μὲν
856 639 898 648 -
929 593 1023 687 ἡμεῖς
1055 599 1091 665 δὲ
1121 599 1239 684 legitur
1266 620 1300 684 p.
1325 601 1444 663 struis.

312 708 420 772 10032.
471 706 642 772 Praeterea
678 723 761 788 quaa
794 705 856 771 huo
888 703 994 770 fauere
1027 703 1169 789 possint,
1210 702 1311 770 habes
1347 702 1446 769 baso:

311 831 343 896 p.
357 812 453 874 1002o
477 807 509 874 ol
531 805 690 894 μὲνγὰρ,
717 827 832 874 vorsu
858 801 954 895 ἡμεῖς
977 807 1030 886 δέ;
1062 826 1147 874 vers.
1167 833 1179 873 ο
1203 801 1353 872 κάκεῖνοι
1374 807 1446 889 μὲν.

308 933 393 984 νοτε.
421 937 444 976 ιι
478 904 571 998 ἡμεῖς
600 909 647 976 δέ.
695 911 764 976 Iam
793 911 835 977 do
864 910 1068 977 Ambrosiani
1097 909 1234 976 lectione
1263 909 1447 977 videndum.

233 1091 236 1098 ,
308 1017 416 1083 Vsrba
438 1013 564 1091 ἐκεῖνος
586 1013 650 1098 μὲν
671 1011 735 1100 γὰρ
758 1033 838 1080 sana
859 1033 923 1080 uon
946 1021 1036 1092 suut;
1062 1033 1167 1097 neque
1183 1014 1268 1080 enim
1282 1013 1450 1081 intorno

310 1119 406 1186 oratis
429 1119 529 1186 vsrba
550 1125 721 1184 uoourrunt
743 1125 776 1184 ot
798 1117 915 1204 plurali
938 1119 1053 1184 saltem
1074 1137 1206 1184 numsru
1228 1119 1355 1204 prolata
1377 1137 1449 1185 esso

308 1223 476 1289 debebant.
518 1221 568 1286 llx
583 1219 711 1287 diverso
723 1221 926 1287 Ambrosiaui
942 1219 1112 1288 lootionom
1127 1213 1277 1288 κάκεῖνοι
1291 1219 1448 1306 integram

309 1327 400 1393 duoo.
448 1327 510 1391 Pro
534 1322 661 1400 ἐκεῖνος
682 1323 745 1408 μὲν
767 1321 830 1410 γὰρ
854 1331 985 1409 proptor
1006 1323 1182 1410 particulas
1205 1323 1346 1411 μὲνγὰρ
1370 1325 1449 1393 sori-

309 1431 385 1497 bsre
407 1429 516 1494 malim
540 1426 579 1494 ol
600 1427 664 1511 μὶν
686 1425 749 1513 γὰρ
771 1447 803 1514 p.
825 1431 934 1508 1002s,
959 1434 1033 1512 post
1049 1419 1200 1494 κάκεῖνοι
1220 1429 1272 1512 (=
1285 1451 1317 1515 p.
1337 1432 1442 1509 loono)

309 1534 409 1600 verba
437 1525 533 1619 ἡμεῖς
568 1530 605 1596 δὲ
642 1532 683 1616 (ο.
713 1533 833 1615 1002n]
875 1529 1078 1597 intercidisse
1114 1531 1276 1617 suspicor,
1314 1539 1350 1597 ut
1382 1537 1450 1599 tota

311 1635 530 1720 exemplorum
554 1633 654 1700 senos
675 1633 723 1699 ita
745 1633 813 1700 iere
836 1633 1059 1700 constituatur:
1093 1631 1132 1698 οἵ
1151 1627 1183 1698 τ’
1209 1629 1311 1721 ἀρχαὶ
1334 1636 1390 1699 καὶ
1413 1634 1447 1699 αῖ

310 1737 477 1824 ἐπιφοραὶ
500 1739 655 1801 τοιαῦταί
677 1733 778 1803 εἰσιν·
812 1734 845 1801 οἱ
866 1733 930 1818 μὲν
951 1734 1032 1821 γὰρ,
1058 1729 1153 1823 ἡμεῖς
1176 1736 1223 1820 δὲ,
1243 1735 1367 1827 <καὶ·>
1388 1732 1449 1802 κᾶ-

309 1855 415 1908 κεῖνοι
431 1838 539 1927 (μὲν,
568 1831 688 1926 ἡμεῖς
711 1837 731 1904 δ
740 1837 781 1928 ὲ),
809 1839 880 1904 καὶ·
906 1837 984 1904 τότε
1006 1840 1078 1923 μὲν,
1104 1847 1167 1907 νῦν
1189 1841 1236 1922 δὲ,
1263 1843 1339 1907 καὶ·
1364 1836 1448 1908 ὅσον

310 1943 436 2028 οἱμὲν,
463 1937 559 2031 ἡμεῖς
582 1941 628 2025 δὲ,
655 1943 729 2007 καὶ·
756 1949 855 2009 τοῦτο
877 1941 950 2026 μὲν,
977 1949 1077 2008 τοῦτο
1101 1943 1149 2009 δέ.

395 2071 427 2134 p.
449 2050 574 2112 10225ss
596 2050 787 2133 Διαφέρειν
805 2041 905 2112 οὐδὲν
921 2045 1055 2132 ἐμαυτῷ
1070 2046 1157 2112 δοκῶ
1172 2053 1238 2114 τῶν
1254 2045 1295 2112 τὰ
1310 2055 1448 2134 μητρῷα

309 2152 365 2217 καὶ
394 2147 435 2215 τὰ
465 2148 690 2236 κορυβαντικὰ
723 2201 728 2213 .
758 2199 764 2214 .
794 2201 799 2213 .
826 2150 1051 2234 τελουμένων,
1085 2143 1147 2216 εἴτ’
1173 2145 1297 2234 ὀσμαῖς
1326 2149 1450 2217 ἐκεῖνον’

309 2279 345 2340 νε
369 2249 430 2320 εἴτ’
450 2248 543 2341 ἤχοις
566 2251 632 2320 εἴτε
655 2259 721 2319 τῶν
743 2250 916 2335 δαιμόνων
938 2249 1109 2336 πνεύματι
1136 2247 1227 2340 αὐτῷ
1256 2252 1447 2337 κινούμενοι

309 2354 369 2436 τὰς
392 2355 522 2434 πολλὰς
542 2408 547 2420 .
570 2407 577 2420 .
599 2408 605 2421 .
631 2354 844 2439 λαμβάνουσι
867 2361 1071 2444 φαντασίας.
1111 2359 1172 2424 Pro
1195 2364 1261 2424 τῶν
1276 2356 1449 2441 δαιμόνων

310 2459 481 2546 πνεύματι
509 2455 600 2546 αὐτῷ
627 2459 795 2544 flagitante
822 2461 1034 2544 grammatica
1056 2459 1179 2528 scribas
1202 2469 1253 2547 τῷ
1276 2460 1449 2545 δαιμόνων

310 2562 479 2647 πνεύματι
502 2555 604 2648 αὐτῷ.

395 2689 428 2752 p.
450 2669 576 2732 uoltus
595 2659 757 2752 Ἐγκώμια
781 2659 814 2732 δ’
834 2664 871 2732 ἒν
893 2673 938 2751 τῷ
962 2671 1142 2752 συμποσίῳ
1158 2666 1271 2734 πολλὰ
1285 2669 1348 2751 μὲν
1363 2668 1448 2753 ἔρω-

310 2797 375 2852 τος,
404 2762 451 2837 ὧν
474 2770 547 2837 ἔνια
571 2763 631 2836 οὐκ
655 2766 732 2850 ἄξια
756 2770 907 2858 σσουδὴς
930 2765 1008 2837 οὐδὲ
1031 2769 1241 2858 Σωκράτους,
1268 2767 1392 2838 ὁποῖον
1407 2773 1447 2860 δὴ

310 2899 405 2940 trous.
439 2867 546 2940 οὐδὲν
574 2871 637 2960 γὰρ
668 2873 799 2957 δέομαι.
841 2881 903 2940 νῦν
935 2873 971 2940 δὲ
1002 2873 1081 2961 περὶ
1118 2873 1240 2943 τούτου
1269 2878 1378 2961 λέγειν
1400 2879 1444 2942 Μ.

311 2979 416 3045 Verba
438 2983 586 3063 corrupta
607 2985 691 3044 suut.
737 2977 902 3044 Interoidit
930 2981 1011 3063 (post
1039 2978 1198 3067 σπουδῆς)
1226 2981 1403 3047 membrum
1426 3001 1448 3047 a

309 3081 415 3148 vorbis
438 3079 549 3146 πολλὰ
572 3081 608 3147 δὲ
630 3081 799 3166 incipieus,
825 3101 888 3164 quo
909 3081 1111 3149 laudationes
1126 3083 1160 3148 iu
1176 3083 1341 3150 Socratem
1358 3105 1448 3150 oom-

309 3186 577 3252 memorabantur.
632 3185 675 3251 Ut
704 3184 738 3250 in
765 3186 835 3251 looo
864 3185 1018 3251 mendoso
1048 3186 1089 3252 de
1119 3187 1226 3253 verbis
1256 3179 1379 3252 ὁποῖον
1407 3187 1446 3274 δή

310 3313 394 3355 ποτε
428 3289 505 3356 oerti
536 3288 704 3373 quisquam
737 3289 835 3354 statui
868 3289 986 3371 nequit.
1041 3289 1189 3356 Proxima
1221 3290 1267 3356 ita
1298 3290 1449 3356 videntur

311 3391 449 3477 legenda
486 3411 578 3458 osse:
629 3385 736 3457 οὐδὲν
776 3388 839 3476 γὰρ
879 3389 1001 3474 δέομαι
1039 3399 1101 3458 νῦν
1134 3415 1170 3478 με
1204 3394 1282 3480 περὶ
1326 3391 1449 3460 τούτου

310 3499 429 3582 λέγειν.
1163 3485 1166 3492 ’

395 3622 427 3686 p.
449 3602 589 3664 10281oss
614 3593 669 3664 Ἐν
699 3594 762 3682 γὰρ
793 3605 840 3682 τῷ
868 3595 981 3664 πάντα
1011 3596 1053 3663 τὰ
1082 3597 1298 3687 προσήκοντα
1328 3605 1450 3687 σφΙσιν

309 3697 424 3780 αὐτοῖς
448 3702 538 3784 ἔχειν
559 3699 637 3778 τοὺς
660 3706 903 3783 θαπτομένους
926 3699 1004 3788 ἒνὴν
1027 3700 1142 3767 καὶτὸ
1171 3708 1447 3790 προπεμφθῆναι

309 3803 351 3870 τὰ
374 3799 501 3887 σώματ’
520 3798 632 3870 αὐτῶν
654 3802 711 3868 ἐπὶ
735 3801 795 3880 τὰς
810 3802 923 3891 ταφὰς
939 3804 1085 3892 δημοσίᾳ
1101 3829 1136 3871 τε
1152 3807 1209 3870 καὶ
1226 3805 1305 3892 ἰδίᾳ,
1325 3801 1408 3871 ὥστε
1426 3801 1450 3871 ἆ

309 3911 371 3976 lau.
398 3912 482 3973 6-7
499 3908 560 3973 litt.
587 3914 653 3972 τῶν
675 3907 755 3993 περὶ
777 3904 838 3984 τὰς
860 3905 973 3994 ταφὰς
994 3913 1149 3991 νομίμων
1171 3916 1270 3974 τοῦτο
1293 3903 1449 3991 ὑπελάμ-

307 4019 412 4096 βανεν
435 4007 452 4076 ὃ
477 4005 560 4099 ἇνὴρ
584 4005 684 4090 εἶναι,
710 4011 795 4095 λέγω
819 4009 858 4098 δὴ
883 4007 920 4076 τὸ
944 4025 1107 4097 παρεῖναι
1130 4009 1277 4090 πολλοὺς
1300 4025 1374 4089 ταῖς
1392 4011 1448 4077 ἐκ·

308 4116 463 4199 κομιδαῖς
485 4115 528 4180 Μ.
576 4115 667 4193 Quae
689 4115 785 4197 volgo
806 4121 878 4198 post
904 4109 987 4181 ὥστε
1017 4116 1169 4200 leguntur
1199 4111 1383 4202 ἀναγκαῖον
1407 4103 1450 4202 ἦν

310 4217 415 4284 πάλιν
429 4213 532 4284 ταύτὸ
548 4220 671 4302 λέγειν’
694 4217 724 4283 εἰ
738 4213 782 4304 μὴ
799 4215 980 4303 κράτιστον
996 4269 1002 4284 .
1019 4270 1044 4284 ..
1065 4239 1137 4287 sero
1153 4221 1280 4286 demum
1296 4220 1448 4304 suppleta

309 4343 380 4390 esse
398 4321 626 4388 Ambrosianus
642 4328 808 4388 monstrat.
850 4323 938 4407 Lego
954 4317 1037 4388 ὥστε
1055 4319 1261 4412 δ(ριοτον>
1284 4329 1350 4388 τοῖν
1363 4326 1446 4408 περὶ
