3280 4934
343 347 386 414 ao
769 384 813 394 -
860 348 956 432 [nc]
1004 385 1044 396 -

261 537 267 550 ’
342 543 523 628 oportebat;
555 543 639 629 quod
670 541 807 609 officium
835 564 906 609 cum
934 543 1059 628 segnius
1087 545 1226 610 exsecuti
1254 551 1357 612 essent
1384 545 1484 610 Athe-

342 652 475 728 nienses,
498 671 551 716 eos
568 649 668 722 fidem,
681 650 813 716 violasse
832 651 982 716 dictitans
1001 653 1103 717 denuo
1123 653 1163 718 de
1185 673 1283 718 novae
1306 653 1392 737 pacis
1411 673 1484 718 con-

343 756 519 824 dicionibus
542 757 780 824 deliberandum
799 779 867 825 esse
889 758 1068 824 minitatur:
1092 752 1291 838 ἀποστείλας
1313 750 1399 846 πρὸς
1421 749 1484 824 τὸν

343 865 448 952 δῆμον
476 859 539 950 ἔφη
570 854 633 950 τὴν
659 859 762 930 πόλιν
790 863 962 952 εἰληφέναι
992 866 1314 952 παρασπονδοῦσαν·
1349 862 1485 932 ἑστάναι

343 963 405 1058 γὰρ
428 961 470 1036 τὰ
493 971 583 1056 τείχη
605 977 676 1036 τῶν
693 963 837 1058 ἡμερῶν,
861 970 898 1037 ἐν
917 965 968 1050 αἶς
992 967 1058 1037 ἔδει
1081 980 1308 1060 καθῃρῆσθαι,
1331 997 1485 1061 παρῳχη-

341 1077 468 1161 μένων·
493 1071 609 1163 ἑτέραν
627 1065 690 1143 οὖν
715 1077 750 1160 ἐξ
772 1070 871 1165 α’ρχῆς
893 1073 1082 1166 προθήσειν
1104 1075 1241 1167 γνώμην
1258 1081 1337 1166 περὶ
1360 1073 1485 1160 αὐτῶν,

342 1177 389 1264 ὡς
411 1175 470 1262 τὰς
494 1175 670 1269 ὁμολογίας
692 1181 886 1251 λελυκότων
910 1185 1007 1270 (Plut.
1030 1186 1101 1272 Lys.
1125 1186 1207 1272 XV).
1254 1188 1323 1267 Qua
1350 1189 1383 1252 iu
1410 1210 1484 1252 nar·

342 1293 465 1358 ratione
492 1315 563 1357 cum
586 1292 755 1360 Plutarcho
777 1293 887 1378 Lysias
916 1299 948 1359 et
975 1293 1132 1360 Diodorus
1161 1303 1345 1380 congruunt.
1390 1295 1483 1378 Apud

342 1397 468 1483 Lysiam
491 1399 573 1464 enim
597 1397 683 1484 (XII,
703 1399 759 1488 74)
783 1402 816 1464 in
835 1401 980 1467 contione
1003 1401 1042 1466 de
1064 1423 1100 1467 re
1123 1401 1250 1486 publica
1272 1401 1391 1482 habita,
1414 1425 1484 1469 cum

344 1505 551 1572 Athenienses
569 1527 741 1590 paucorum
757 1508 923 1592 imperium
946 1508 1071 1573 institui
1089 1508 1218 1586 nollent,
1236 1510 1398 1595 Lysander
1416 1533 1483 1592 sur·¹

342 1613 424 1680 rexit
447 1619 480 1678 et
502 1605 586 1678 ἄλλα
608 1635 645 1678 τε
668 1605 777 1680 πολλὰ
802 1609 873 1680 εἷπε
896 1616 953 1679 καὶ
977 1605 1030 1679 ὅτι
1047 1612 1310 1702 παρασπόνδους
1334 1610 1417 1702 ὑμᾶς
1442 1657 1480 1666 -

343 1720 552 1786 Athenienses
581 1759 622 1768 -
650 1715 718 1806 έχοι
745 1722 800 1786 καὶ
833 1712 885 1787 ὅτι
913 1713 955 1786 οὐ
980 1721 1058 1806 περὶ
1087 1723 1258 1801 πολιτείας
1285 1716 1363 1809 ὑμῖν
1391 1720 1481 1790 ἔσται

343 1819 426 1892 ἀλλὰ
453 1827 531 1913 περὶ
558 1828 736 1916 σωτηρίας,
768 1826 797 1892 εἰ
822 1819 866 1915 μὴ
893 1819 1054 1914 ποιήσεθ’
1078 1817 1098 1894 d
1129 1829 1320 1918 Θηραμένης
1346 1826 1482 1896 κελεύει.

343 1935 445 2000 Simili
473 1935 565 2000 modo
592 1937 676 2021 apud
709 1935 882 2000 Diodorum
911 1933 1010 2022 (XIV,
1033 1935 1063 2013 3,
1087 1935 1122 2023 6)
1154 1937 1295 2020 loquitur
1322 1938 1483 2024 Lysander

342 2038 505 2108 λελύσθαι
530 2033 589 2120 τὰς
618 2039 789 2129 συνθήκας
816 2033 883 2108 ὑπὸ
913 2035 1113 2128 Ἀθηναίων·
1146 2033 1288 2131 ὕστερον
1319 2036 1392 2130 γὰρι
1412 2052 1484 2110 τῶν

344 2147 568 2234 συγκειμένων
590 2141 722 2236 ἡμερῶν
741 2147 970 2235 καθῃρηκέναι
992 2139 1034 2213 τὰ
1057 2150 1154 2236 τείχη.
1192 2151 1250 2216 His
1268 2155 1307 2216 ex
1329 2152 1406 2218 locis
1424 2153 1484 2216 viri

343 2257 428 2321 docti
452 2257 575 2322 elucere
597 2257 720 2332 volunt,
742 2254 939 2338 Lysandrum
962 2256 1064 2340 primo
1087 2278 1193 2322 muros
1216 2257 1395 2324 deiciendos
1418 2266 1483 2324 tru-

342 2363 459 2428 didisse
482 2363 727 2430 Atheniensibus
750 2369 782 2427 et
805 2369 872 2428 tum
896 2365 1021 2428 demmn
1043 2363 1145 2448 ipsum
1168 2365 1210 2429 ad
1237 2386 1290 2430 eos
1313 2364 1484 2430 diruendos

341 2491 524 2555 aggressum
543 2492 619 2548 esse,
642 2491 712 2535 cum
736 2469 783 2534 illi
806 2471 906 2553 pactis
924 2492 986 2535 uon
1010 2471 1178 2536 stetissent
1216 2471 1306 2550 Quod
1329 2493 1399 2537 cum
1422 2473 1482 2538 mi·

342 2579 426 2644 nime
449 2601 504 2663 per
527 2600 560 2644 se
584 2577 752 2641 verisimile
775 2597 841 2642 esse
865 2598 961 2660 supra
984 2577 1273 2656 demonstravimus,
1302 2585 1368 2644 tum
1391 2579 1484 2662 plura

343 2685 464 2750 obverti
487 2690 625 2768 possunt.
661 2683 801 2749 Primum
824 2684 907 2749 enim
924 2705 961 2750 eo
984 2691 1136 2768 temporo,
1159 2706 1220 2768 quo
1239 2684 1400 2769 Lysander
1422 2687 1481 2750 mi-

342 2793 465 2856 nitatur
483 2791 691 2857 Athenienses
709 2792 853 2876 graviore
870 2811 973 2876 poena
990 2813 1024 2858 se
1042 2791 1228 2858 effecturum
1251 2813 1318 2858 esse
1336 2792 1398 2858 nisi
1421 2793 1482 2858 sibi

343 2899 600 2982 obsequerentur,
623 2918 728 2963 muros
750 2897 890 2964 nondum
916 2898 1009 2982 plane
1031 2899 1208 2965 destructos
1231 2897 1327 2966 fuisse
1350 2903 1481 2965 constet

343 3006 435 3072 Certe
463 3007 491 3071 si
517 3005 572 3070 illo
600 3009 742 3088 tempore
770 3004 921 3069 destructi
948 3006 1075 3088 quidem
1098 3005 1243 3081 luissent,
1271 3006 1483 3090 compluribus

342 3120 447 3179 autem
480 3111 592 3177 diebus
624 3112 743 3176 diutius
775 3133 869 3194 quarn
897 3117 1051 3184 statutum
1083 3117 1165 3178 esset
1196 3113 1370 3190 stetissent,
1402 3133 1483 3198 quae

342 3227 391 3287 est
415 3219 518 3286 Grotii
528 3220 554 3304 ¹)
578 3218 698 3302 opinio,
724 3217 922 3303 Lysandrum
949 3226 1118 3303 propterea
1142 3217 1347 3285 Athenienses
1375 3242 1483 3306 παρα-

344 3324 512 3402 σπόνδους
535 3324 713 3390 nominasse
732 3332 764 3389 et
787 3325 995 3404 admonuisse,
1017 3345 1056 3389 ue
1079 3330 1144 3390 tam
1163 3325 1202 3390 de
1221 3325 1358 3390 civitatis
1381 3325 1483 3392 forma

343 3457 436 3519 quum
464 3435 503 3498 de
526 3431 627 3498 seluto
650 3433 835 3515 cogitarent,
856 3432 908 3496 vix
931 3432 1081 3498 credibile
1109 3440 1168 3509 est;
1195 3432 1328 3516 ideoque
1351 3431 1483 3496 Diodori

342 3542 516 3607 auctoritas
542 3540 631 3605 nulla
658 3561 724 3606 esse
752 3542 885 3617 videtur,
912 3539 1082 3606 secundum
1110 3560 1202 3623 quem
1228 3545 1369 3622 tempore
1397 3538 1483 3605 illius

342 3647 497 3713 contionis
524 3647 605 3711 muri
636 3647 789 3712 destructi
821 3649 884 3712 iarn
911 3651 1015 3712 erant:
1048 3637 1190 3732 deracau
1216 3636 1278 3732 γὰρ
1306 3653 1376 3711 τῶν
1404 3663 1483 3730 συγ-

341 3754 506 3839 κειμένων
528 3745 662 3840 ἡμερῶν
685 3751 957 3841 καθῃρηκέναι
979 3743 1021 3818 τὰ
1045 3753 1133 3839 τείχη
1157 3751 1256 3836 (XIV,
1274 3752 1304 3830 3,
1323 3753 1367 3836 6).
1414 3752 1484 3831 Qua

341 3863 489 3946 opinione
516 3882 572 3926 nos
600 3883 662 3926 uon
689 3859 757 3925 lalli
785 3861 1009 3953 testimonium?
1023 3858 1184 3924 Plutarchi
1213 3859 1316 3937 docet,
1344 3861 1399 3943 qui
1421 3858 1484 3942 Ly·

342 3969 492 4034 sundram
515 3969 670 4033 dicentem
693 3967 782 4034 facit:
812 3962 972 4033 ἑστάναι
994 3959 1057 4052 γὰρ
1080 3956 1121 4030 τὰ
1144 3965 1234 4052 τείχη
1257 3973 1326 4031 τῶν
1349 3958 1484 4053 ἡμερῶν

342 4074 378 4140 έν
411 4069 462 4152 αίς
494 4069 560 4140 έδει
592 4081 809 4162 καθῃρῆσθαι
842 4074 1095 4160 παρῳχημένων
1127 4072 1210 4160 (Lys.
1239 4073 1321 4158 XV).
1384 4074 1484 4156 Atqui

341 4181 435 4266 Lysia
466 4188 500 4246 et
526 4181 666 4248 Diodoro
698 4180 878 4248 auctoribus
909 4202 974 4246 una
1004 4181 1148 4246 contione
1176 4186 1209 4244 et
1234 4179 1318 4246 haec
1349 4181 1484 4263 protulit

432 4415 450 4482 ¹)
468 4411 585 4485 History
604 4413 638 4482 of
654 4413 753 4470 Graece
774 4413 849 4480 1870,
869 4411 935 4468 VIII
953 4429 980 4482 ρ.
999 4412 1041 4467 θλ.
1061 4413 1104 4469 28.
