3258 4928
521 407 564 415 -
613 369 696 452 [aas]
744 405 787 416 -
1161 370 1224 433 roo

79 577 154 630 snt,
176 559 244 626 ita
260 559 513 626 inconstantiae
524 559 627 624 virum
640 557 767 624 doctum
779 565 927 640 arguunt,
945 557 999 640 qni
1011 579 1042 642 p.
1056 559 1130 622 778⁷
1148 578 1226 624 eau-

78 687 90 728 ι
121 665 376 730 locutionem
398 663 556 746 integram
578 661 756 744 reliquerit;
782 661 825 728 cf.
850 662 997 726 auu
1018 663 1058 725 23
1081 683 1114 746 p.
1137 665 1226 728 14216

79 769 164 834 :ssi
180 813 184 824 .
202 762 258 834 οὐ
289 765 405 850 μόνον
426 773 484 852 της
507 767 588 850 περὶ
610 772 715 831 ταῦτα
739 769 864 852 σοφίας
886 763 986 851 χάριν
1009 759 1103 844 άξιος
1127 762 1227 830 ἐπαι-

79 876 190 936 τθαι
219 863 242 936 ὁ
279 865 386 957 ἀνήρ.
432 869 632 936 Μελίσσου)
655 869 810 935 audacius
833 869 1025 954 particulam
1040 869 1076 933 δέ
1099 869 1226 934 intrusit

78 995 114 1040 :c
136 973 355 1040 adnotans:
386 973 442 1052 ,δέ
457 979 529 1058 post
544 971 663 1037 ἔπειτα
684 971 831 1056 (addidi),
850 973 925 1055 quia
940 971 1118 1057 praecessit
1133 977 1225 1057 πρῶ-

78 1102 89 1132 1
133 1083 257 1158 ptiust
316 1060 521 1159 Quamquam
555 1075 755 1160 grammatici
789 1074 904 1142 docent
937 1075 988 1158 (cf.
1021 1075 1223 1160 Kruegerum

105 1180 176 1245 Gr.
210 1181 232 1264 §
253 1183 317 1259 69,
341 1184 392 1260 24,
415 1183 440 1261 1)
468 1180 569 1245 verba
591 1185 727 1265 πρῶτον
741 1178 805 1261 μὲν
827 1198 926 1264 saepe
940 1178 1043 1263 excipi
1067 1179 1224 1264 particula

84 1307 188 1364 ειτα,
222 1267 346 1348 rarius
370 1283 546 1348 coniunctis
570 1281 688 1347 ἔπειτα
711 1281 758 1347 δέ.
806 1282 951 1348 Eandem
974 1281 1165 1366 particulam
1188 1281 1225 1346 δέ

93 1391 206 1451 ῖῦῖιο
237 1385 381 1464 „invitis
404 1385 513 1452 libris‘
538 1385 680 1451 addidit:
707 1392 843 1469 πρῶτον
864 1391 1006 1472 Ι’πρῶτος
1021 1387 1142 1469 Herw.)
1162 1385 1226 1468 μὲν

90 1485 355 1574 γνησιώτατος
379 1482 483 1554 αὐτοῦ
505 1485 662 1576 μαθητὴς
684 1485 932 1576 Ἀριστοτέλης,
959 1487 1078 1554 ’ἔπειτα
1102 1481 1172 1575 (d')
1192 1485 1225 1552 οί

79 1593 139 1676 ερὶ
167 1588 442 1679 Κηφισόδωρόν
471 1592 587 1657 τεκαὶ
616 1588 839 1675 Θεόπομπον.
885 1593 983 1658 Recte
1013 1591 1097 1657 hunc
1121 1591 1225 1657 locum

78 1697 156 1762 rius
183 1714 303 1780 nuper
328 1694 590 1772 „observationes
613 1695 843 1780 grammaticae
866 1695 906 1762 de
930 1695 1092 1760 modorum
1115 1714 1176 1762 usu
1191 1694 1225 1759 iu

79 1799 225 1884 tionysii
267 1798 555 1866 Halicarnasensis
589 1798 842 1882 Antiquitatibus
879 1799 1056 1866 Romanis“
1095 1796 1226 1883 prodie-

81 1911 144 1968 unt
175 1901 482 1987 qGryphiswaldiae
508 1905 599 1984 1875}
628 1903 761 1969 Carolus
783 1903 989 1968 Baumannus
1011 1903 1052 1968 ab
1075 1903 1226 1968 Henrer-

78 2007 148 2070 toni
173 2013 300 2070 conatu
317 2005 464 2072 defendit
486 2009 527 2090 (p.
547 2009 612 2087 31).
659 2006 772 2089 Neque
795 2006 880 2072 enim
902 2006 1138 2090 neglegendum
1161 2013 1221 2088 est,

79 2107 158 2190 quod
181 2108 273 2173 inter
296 2115 344 2173 tot
366 2108 601 2190 Antiquitatum
624 2107 710 2174 locos
732 2106 873 2190 quinque
896 2115 1017 2172 tantum
1042 2114 1125 2188 sunt,
1152 2108 1224 2191 qui-

78 2231 133 2275 sus
159 2209 285 2275 ἔπειτα
310 2210 347 2274 δὲ
370 2211 503 2294 legitur3
530 2230 610 2294 quos
632 2209 674 2276 ad
696 2216 870 2277 ceterorum
893 2209 1137 2276 similitudinem
1152 2231 1223 2277 cor-

78 2313 233 2398 rigendos
257 2332 332 2380 esse
354 2313 530 2398 probabilis
554 2319 604 2380 est
618 2313 798 2378 Baumauni
821 2315 981 2380 sententia
1001 2315 1043 2398 [p.
1062 2317 1128 2396 33).
1175 2313 1224 2378 Ex

79 2417 249 2482 rhetoricis
288 2417 417 2502 scriptis
455 2423 584 2502 praeter
621 2417 678 2483 illa
714 2417 882 2484 locutionis
920 2424 1056 2502 πρῶτον
1091 2417 1154 2499 μὲν
1181 2455 1223 2464 -

84 2521 203 2586 ἔσειτα
225 2520 281 2605 ηὸέ)
302 2521 450 2606 exempla
472 2520 581 2586 notavi
602 2520 699 2588 haec:
732 2542 766 2606 p.
785 2527 839 2586 551
857 2515 965 2607 ''Erpqv
987 2521 1023 2586 dd
1043 2516 1104 2608 την
1119 2514 1224 2608 ἀκοὴν

91 2621 235 2709 ἥδεσθαι
257 2628 423 2712 πριῖιτονί)
457 2623 520 2707 μὲν
549 2637 619 2701 τοῖς
647 2626 793 2708 μέλεσιν,
828 2623 946 2690 ἔπειτα
970 2637 1040 2701 τοῖς
1063 2623 1220 2710 ῥυθμοῖς,

96 2734 204 2812 τρίτον
226 2740 298 2805 ταῖς
317 2728 530 2810 μεταβολαῖς,
559 2725 618 2794 ἐπὶ
640 2727 676 2794 δὲ
699 2725 831 2806 τούτοις
855 2723 964 2794 άπασι
979 2735 1026 2814 τῷ
1040 2735 1220 2815 πρέποντι.

96 2837 169 2898 ‘llis
192 2831 232 2896 τὰ
254 2829 432 2918 γράμματα
455 2825 538 2897 ὅταν
555 2828 811 2915 παιδευώμεθα,
837 2832 1058 2918 πρῶτονμὲν
1080 2831 1122 2897 τὰ
1145 2827 1223 2900 ὀνό-

100 2961 184 3018 ματα
214 2929 320 3002 αὐτῶν
349 2931 625 3018 ἐκμανθάνομεν,
663 2934 782 3002 ἔπειτα
811 2931 890 3012 τοὺς
921 2933 1050 3013 τύπους
1078 2937 1135 3002 καί
1163 2934 1223 3014 τὰς

105 3037 269 3122 δυνάμεις,
308 3033 379 3104 εἶθ’
406 3034 493 3105 οὕτω
527 3037 586 3116 τὰς
615 3037 785 3122 συλλαβάς
815 3039 885 3105 κτλ.
933 3043 1024 3106 orco
1054 3045 1134 3117 Πῶς
1164 3030 1224 3110 οὖν

108 3137 146 3215 ξίν
167 3167 213 3220 τις
239 3143 394 3230 δυνηθείη
426 3140 504 3220 τοὺς
532 3147 689 3228 γνησίους
718 3137 852 3226 αὐτοῦί)
880 3141 1057 3230 γνωρίζειν
1082 3141 1219 3230 λόγους;

116 3254 238 3332 πρῶτον
270 3247 328 3330 μὲν
358 3245 388 3311 εί
421 3245 598 3312 ἐπίσταιτο
631 3243 709 3323 τοὺς
744 3254 809 3314 τῶν
843 3242 955 3313 ἄλλων
990 3257 1218 3336 χαρακτῆρας·

112 3350 217 3415 ἐἰτειτα
238 3347 307 3426 τοὺς
327 3349 390 3432 μὲν
404 3354 541 3415 Λυσίου
563 3351 826 3437 παραπλησίους
849 3347 969 3434 λόγους
988 3347 1096 3436 τούτῳ
1114 3375 1223 3438 προσ-

116 3458 213 3538 ηέροι.
256 3457 324 3520 8225
347 3453 567 3540 πρῶτονμὲν
590 3449 629 3539 δὴ
653 3449 739 3518 κατὰ
754 3452 864 3518 ’τοῦτο
887 3451 1042 3540 διήλλαξε
1065 3461 1130 3520 τῶν
1152 3455 1220 3541 πρὸ

118 3550 208 3621 αὐτοῦ
227 3561 436 3643 συγγραφέων
462 3605 525 3620 ...
554 3576 670 3622 verso
693 3553 812 3622 inesto
836 3553 921 3622 κατὰ
944 3553 981 3622 τὸ
1005 3554 1109 3644 μηδὲν
1138 3552 1220 3644 αὐτῇ

123 3659 255 3740 μυθῶδες
275 3657 461 3744 προσάψαι.

197 3811 330 3892 Quoniam
345 3820 453 3880 autem
465 3813 653 3898 Dionysium
669 3815 710 3880 ab
722 3813 927 3880 Herwerdeui
945 3814 1134 3880 coniecturis
1149 3815 1222 3882 rin-

129 3919 217 3984 diosre
229 3917 383 4001 coepimus,
403 3918 581 4002 paullulum
594 3918 807 3984 subsistamus
819 3915 903 3982 etde
915 3917 987 3983 aliis
1000 3919 1161 3982 nonnullis
1173 3920 1222 3984 vi-

131 4022 248 4088 deamus.
275 4021 303 4084 P.
318 4023 436 4084 lilross
448 4013 630 4108 Ἐγεννήθη
648 4021 683 4086 δὲ
705 4019 911 4102 {Aristoteles}
931 4017 1016 4083 κατά
1033 4017 1093 4106 τὴν
1108 4019 1221 4110 ἐνενη-

136 4179 298 4190 ——--

194 4281 206 4340 q
224 4280 311 4350 πρῶτον
327 4275 470 4346 Uptonus:
493 4245 611 4347 πρώτοις
628 4277 654 4330 R
674 4282 685 4342 11
708 4278 728 4316 il
749 4274 836 4328 αὐτοῦ
855 4275 950 4347 Sylb.:
971 4271 1045 4344 αι’·τῷ
1063 4275 1124 4330 FR.

984 4381 1014 4429 ll
