3262 4926
617 420 833 482 ..03-

162 603 220 668 bue
243 604 283 670 de
310 604 375 686 eis,
409 605 464 688 qui
491 625 597 672 rerum
627 607 814 674 caelestium
844 606 1065 691 magnitudine
1094 608 1297 692 perterritia
1425 673 1432 684 ,

161 706 294 773 rectiore
315 707 356 773 de
370 707 488 775 mundo
504 709 664 775 sententia
677 708 722 775 ad
736 707 885 793 autiquae
903 710 1077 794 religiones
1090 709 1292 793 reducantur,

161 810 337 895 exponitur,
356 811 390 877 in
406 811 576 896 prooemiis
591 811 724 880 duorum
740 832 775 878 ae
790 812 1019 897 excipientium
1036 811 1186 878 librorum
1202 834 1296 898 repe—

160 913 234 980 titos
257 934 330 981 cese
352 934 446 980 nemo
468 915 667 995 initiabitur,
693 935 883 998 omnesque,
914 916 969 999 qui
992 935 1048 983 eos
1071 925 1204 999 utroque
1227 918 1296 983 loco

161 1017 369 1101 retinuerunt,
395 1039 415 1083 a
437 1025 522 1084 statu
545 997 722 1084 carminum
745 1037 765 1084 a
787 1025 882 1104 poeta
903 1038 967 1084 non
989 1019 1145 1103 perpolito
1167 1019 1296 1104 culpam

160 1120 364 1204 repetierunt.
412 1120 481 1188 Neo
504 1129 612 1188 tamen
635 1121 807 1204 quiequam
837 1121 1010 1201 dubitavit,
1043 1122 1122 1204 quin
1151 1122 1193 1194 ab
1222 1122 1293 1206 ipeo

160 1231 255 1308 poeta
277 1231 408 1308 utroque
430 1225 500 1290 loco
523 1223 632 1308 scripti
648 1232 767 1302 essent,
793 1233 923 1309 praeter
943 1244 1041 1290 uuum
1056 1225 1293 1304 Neumannnm,

161 1326 210 1392 eui
234 1335 358 1408 tamen,
392 1326 478 1409 quod
499 1328 571 1412 ipse
593 1327 774 1413 profitetur,
808 1335 921 1393 neutro
948 1328 1018 1394 loco
1039 1327 1295 1413 interpolationis

161 1429 279 1496 indicia
301 1429 456 1514 indagare
478 1431 622 1515 contigit.
662 1430 744 1496 Sunt
762 1438 870 1498 autern
887 1431 991 1514 signa,
1017 1430 1102 1497 unde
1117 1431 1296 1515 perspicia-

163 1541 213 1598 tur
240 1553 295 1600 eos
323 1534 357 1599 in
383 1541 475 1600 aexto
498 1534 580 1601 libro
603 1536 688 1600 male
718 1555 753 1601 ae
784 1535 915 1601 habere.
962 1534 1075 1617 Neque
1104 1554 1176 1599 curn
1206 1533 1296 1599 Neu-

161 1655 276 1703 manno
298 1637 333 1702 iu
363 1657 401 1704 eo
430 1638 612 1719 consentio,
646 1637 784 1704 fortasse
807 1638 841 1703 in
865 1645 959 1704 sexto
982 1638 1062 1703 libro
1085 1636 1159 1703 illos
1181 1656 1295 1703 verens

160 1740 284 1825 spurios
307 1759 390 1822 esse,
417 1741 493 1823 quia
515 1741 555 1822 ei,
582 1740 637 1823 qui
660 1739 901 1825 praecederent,

336 1864 467 1928 qaorum
489 1865 617 1928 operam
638 1865 751 1908 cumae
771 1844 861 1907 aella
882 1842 1005 1908 ratione
1027 1841 1133 1907 ridere

328 1956 465 2030 pererrat
486 1969 523 2012 ar
532 1947 617 2031 fiori
636 1947 741 2010 divino
763 1946 889 2010 numine
910 1954 1031 2010 rentur.

159 2045 342 2135 interpolati
357 2057 477 2116 essent.
517 2049 588 2128 Qua
603 2047 644 2116 de
659 2068 898 2132 taquamquam
918 2068 1013 2114 nemo
1029 2054 1103 2131 post
1117 2048 1295 2114 Bentleium

161 2161 193 2218 et
207 2151 447 2218 Lachmannum
469 2151 536 2217 iam
558 2150 727 2230 dubitabit,
754 2157 862 2218 tamen
883 2150 965 2216 nihil
978 2149 1055 2216 inde
1070 2150 1233 2234 proficitur
1253 2150 1296 2214 ad

162 2275 217 2320 eos
246 2255 302 2337 qui
330 2261 509 2336 sequuntur
536 2273 650 2319 versus
679 2253 900 2338 depellendos.
939 2253 987 2318 Ao
1008 2252 1144 2336 primum
1168 2251 1295 2334 quidem

161 2356 399 2423 concedendurn
422 2361 481 2436 eet,
507 2355 750 2438 grammaticam
773 2356 927 2421 rationem
951 2353 979 2420 si
1002 2361 1196 2438 spectemus,
1222 2355 1296 2419 nul-

161 2460 225 2524 lam
249 2458 421 2525 extrariam
451 2458 661 2524 offensionem
684 2477 725 2523 ex
754 2457 819 2524 illis
842 2477 955 2522 novem
978 2456 1125 2523 versibus
1148 2455 1296 2522 inserto

160 2563 240 2629 libro
263 2563 338 2629 oriri
361 2561 473 2627 rideri.
520 2561 632 2643 Itaque
661 2560 696 2626 id
723 2567 848 2626 tantum
870 2558 1089 2642 quaerendum
1112 2559 1190 2640 erit,
1220 2579 1295 2624 num

161 2665 390 2731 sententiarum
407 2663 612 2730 cohaerentia
625 2662 673 2728 eis
688 2662 900 2747 perturbetur.
939 2664 1084 2747 Apparet
1099 2669 1205 2727 autem
1222 2682 1295 2727 ver-

162 2788 231 2834 sum
256 2770 293 2831 67

330 2891 390 2954 quo
413 2868 515 2954 iuopia
538 2877 679 2933 erronica
701 2891 795 2933 caeco
817 2868 938 2932 ratione
949 2870 1108 2954 feruntur

160 2973 275 3039 idoneo
297 2992 395 3038 seusu
417 2992 544 3053 carere,
571 2971 599 3038 ei
628 2971 671 3037 ad
694 2990 749 3038 eos
770 2971 943 3056 pertineat,
970 2971 1024 3052 qui
1050 2970 1131 3036 bene
1154 2968 1296 3036 didicere

161 3077 238 3143 deos
254 3095 401 3144 securum
416 3095 513 3159 agere
529 3095 654 3141 aevom.
693 3074 776 3140 Nam
799 3075 829 3139 ei
844 3073 899 3156 qui
914 3073 1019 3138 sciunt
1032 3073 1110 3139 deos
1126 3073 1248 3139 nnllam
1263 3075 1296 3138 in

161 3179 281 3246 mundo
302 3177 445 3263 regendo
467 3198 599 3263 operam
614 3178 784 3259 collocare,
810 3177 880 3242 aine
894 3175 991 3242 dubio
1011 3183 1132 3242 rectam
1147 3183 1295 3242 naturam

161 3283 374 3366 cognoscendi
396 3282 483 3348 viam
512 3280 650 3364 ingressi
673 3289 780 3346 erant:
822 3280 850 3344 si
875 3279 918 3344 ad
946 3279 1101 3363 pristinas
1123 3279 1295 3362 religiones

80 3447 91 3472 x
163 3386 365 3465 reducuntur,
385 3392 494 3452 errant
511 3385 560 3449 iili
576 3383 715 3467 quidem,
741 3403 844 3466 neque
860 3389 968 3448 tamen
990 3405 1030 3446 eo
1052 3381 1176 3466 mopia
1198 3401 1295 3449 uacca

161 3491 284 3555 ratione
307 3489 460 3564 feruntur,
485 3487 635 3571 quoniam
652 3493 748 3552 antea
763 3505 861 3553 caeca
876 3485 999 3550 ratione
1018 3503 1082 3550 non
1097 3484 1292 3550 ferebantur.

162 3593 260 3656 Recte
283 3610 318 3656 ec
341 3590 462 3655 habent
476 3590 577 3656 uerba
599 3611 660 3673 pao
674 3588 776 3672 mepta
793 3611 819 3652 e.
839 3611 870 3672 q.
888 3609 929 3668 a,
955 3585 984 3652 ei
998 3586 1145 3654 versibus
1168 3591 1294 3652 ott-55

161 3692 350 3760 succedunt:
392 3693 558 3773 mortales,
591 3712 663 3757 cum
686 3689 811 3775 pavidis
834 3689 995 3756 ruentibus
1012 3708 1117 3784 'saepe
1140 3688 1291 3773 pendent,
1368 3770 1370 3774 .
1450 3731 1452 3736 -

160 3817 256 3863 caeca
279 3794 401 3861 ratione
430 3795 574 3860 feruntur
602 3800 699 3876 atque
725 3791 768 3858 ad
795 3799 912 3859 terram
941 3790 1087 3876 depressi
1114 3791 1296 3874 ignorantia

160 3919 329 3967 causarum
366 3905 524 3982 coguntur
556 3897 663 3964 omnia
694 3895 736 3962 ad
765 3895 896 3962 deorum
932 3913 1066 3978 regnum
1100 3893 1291 3960 concedere:

160 4003 246 4086 quod
268 4023 340 4069 cum
363 4001 494 4078 iaciunt,
521 4021 560 4066 eo
582 3999 687 4083 magia
709 4017 808 4065 caeca
828 3997 952 4065 ratione
974 3997 1128 4064 seruntur.

171 4131 190 4156 τ
247 4105 372 4173 Deinde
387 4125 589 4189 quaeramus,
615 4124 679 4186 qno
696 4121 872 4187 pronomen
887 4101 1013 4186 quaein
1030 4103 1071 4166 68
1093 4099 1294 4167 referendum

161 4212 213 4276 sit.
253 4210 338 4275 Nam
354 4209 381 4275 si
399 4212 525 4273 58-66
537 4207 748 4292 praecedunt,
776 4215 879 4289 neque
894 4205 937 4271 ad
952 4225 1093 4290 quaeqae
1112 4206 1171 4287 (60)
1193 4224 1297 4288 neque

160 4313 202 4377 ad
218 4333 296 4396 pauc
316 4313 376 4396 (ert
397 4311 558 4396 pertinere
573 4318 687 4394 potest.
729 4309 764 4376 Si
787 4307 830 4374 ad
851 4308 999 4392 antiquar
1013 4305 1178 4390 reiipioaea
1193 4307 1299 4391 respi-
