3280 4934
354 401 399 467 ιο
798 443 840 454 -
886 405 961 488 [94]
1007 441 1048 452 -

354 599 505 664 iecturam
537 619 632 682 supra
663 599 877 666 refutavimus
923 599 1034 684 Neque
1064 601 1165 684 magis
1196 602 1237 665 ad
1270 601 1354 666 hune
1379 597 1497 665 librum
1615 639 1616 672 ι

354 705 510 788 quadrare
532 705 588 771 illa
605 705 698 773 nobis
715 707 848 773 videtur.
884 707 1011 772 Etenim
1033 707 1231 774 Nictzsehius
1253 709 1295 774 ad
1317 706 1497 792 opinionem

353 833 441 878 suam
464 812 689 880 stabiliendam
712 814 744 880 in
767 813 922 890 versibus,
945 815 977 880 in
1000 815 1115 899 quibus
1138 813 1308 882 Simonidis
1326 813 1445 900 (1349)
1464 819 1498 877 et

353 917 448 1004 Cyrni
458 919 577 1007 (1354)
591 919 718 986 nomina
732 920 943 999 inveniuntur,
961 922 1002 987 ab
1016 921 1072 988 illo
1087 924 1165 1006 ipso,
1182 922 1238 1005 qui
1252 923 1292 987 de
1305 919 1498 1004 Theognidis

352 1026 454 1110 gloria
477 1025 643 1092 detrahere
666 1027 823 1106 voluisset,
845 1049 903 1112 pro
926 1030 1008 1094 voris
1032 1051 1114 1112 quae
1132 1027 1299 1096 infuissent
1316 1025 1498 1094 nominihus

352 1131 468 1199 infesto
495 1134 626 1200 consilio
653 1134 735 1200 false
761 1134 817 1200 illa
840 1135 935 1220 Cyrni
958 1143 991 1202 et
1013 1134 1183 1203 Simonidis
1210 1135 1403 1219 interpolata
1429 1155 1498 1200 esse

352 1239 493 1306 rmnieeit.
539 1239 597 1306 coi
626 1243 816 1319 sententiae,
847 1242 907 1308 etsi
939 1243 1099 1326 plerisque
1126 1242 1201 1308 viris
1228 1241 1330 1308 doctis
1360 1241 1498 1326 probata

353 1354 409 1424 est,
432 1347 577 1430 equidem
600 1367 663 1414 nou
690 1349 815 1414 accedo.
861 1347 1009 1434 Suspicor
1035 1349 1119 1416 enim
1147 1349 1325 1426 librarium,
1348 1369 1419 1414 eum
1442 1347 1499 1413 ille

353 1453 448 1538 Cyrni
468 1453 709 1540 Simonidisque,
732 1477 812 1540 qnae
834 1456 949 1521 iamin
968 1455 1113 1522 distichis
1131 1455 1194 1522 illis
1213 1457 1347 1532 inerant,
1368 1456 1499 1520 nomino

353 1561 532 1638 invenisset,
553 1581 593 1628 ea
614 1561 684 1645 ipsa
705 1583 740 1628 re
763 1563 952 1646 perductum
973 1583 1056 1640 esse,
1079 1569 1116 1628 ut
1137 1563 1289 1648 syllogum
1312 1560 1455 1645 quamvis
1477 1583 1499 1625 a

353 1665 564 1766 Theognideis
595 1668 731 1734 alienam
762 1669 871 1736 statim
902 1670 1005 1754 primo
1035 1676 1241 1754 postponeret
1267 1670 1357 1736 libro.
1412 1668 1498 1734 Illud

353 1793 477 1858 quoque
494 1775 609 1840 mirum
631 1780 688 1852 est,
712 1777 796 1861 quod
818 1777 852 1841 in
873 1797 937 1843 uno
955 1777 1061 1844 codice
1079 1775 1251 1843 Mutinensi
1269 1777 1349 1842 hoec
1366 1781 1498 1841 exarata

354 1887 401 1948 est
414 1881 543 1966 sylloge.
570 1881 734 1949 Librarius
748 1883 847 1968 igitur
859 1884 913 1968 qui
927 1883 1012 1950 huno
1024 1883 1163 1950 codicem
1177 1883 1372 1968 conscripsit,
1389 1889 1497 1948 utrum

353 1987 386 2054 in
408 1987 515 2054 codiee
537 1987 708 2074 archetypo
727 1990 925 2058 collectiones
950 1990 1020 2056 illas
1042 1991 1105 2056 iam
1127 1991 1309 2056 coniunctos
1332 1989 1498 2064 invenerit,

353 2115 393 2160 an
416 2095 484 2179 ipse
506 2095 626 2178 primus
649 2099 816 2176 consuerit,
840 2097 979 2164 difficilis
1003 2103 1052 2165 est
1075 2099 1225 2183 quaestio.

441 2202 596 2268 Athenaei
620 2205 748 2288 quidem
771 2211 877 2270 aetate
900 2204 958 2272 sub
981 2205 1173 2288 Theognidis
1195 2205 1321 2270 nomine
1343 2203 1497 2269 eiusmodi

356 2308 574 2376 collectionem
593 2333 654 2376 non
674 2333 742 2378 esse
760 2312 974 2378 circumlatam
992 2314 1058 2378 veri
1072 2313 1174 2378 simile
1192 2318 1241 2379 est
1258 2312 1307 2378 vel
1325 2311 1405 2377 adeo
1423 2331 1499 2376 con-

353 2421 425 2482 stat.
461 2416 571 2500 Neque
585 2419 685 2501 magis
700 2417 864 2496 81919999,
883 2439 954 2485 oum
968 2421 1078 2504 quinto
1092 2420 1216 2486 saeculo
1235 2417 1396 2496 scriberet,
1414 2417 1497 2483 hanc

353 2523 569 2590 collectionem
586 2531 644 2590 aut
661 2525 784 2591 novisse
802 2532 858 2591 eut
876 2533 949 2592 aute
968 2527 1075 2593 oculos
1092 2527 1219 2592 videtur
1236 2525 1398 2592 habuisses
1421 2545 1497 2590 sane

354 2629 458 2696 nullus
480 2630 567 2697 locos
588 2651 709 2708 eorum,
736 2635 790 2717 qui
814 2634 847 2698 in
870 2633 971 2710 ‚Musa
993 2633 1116 2718 puerili’
1139 2639 1279 2710 exstant,
1301 2653 1321 2698 a
1343 2631 1497 2714 scriptore

353 2737 410 2804 illo
428 2735 460 2801 in
478 2735 666 2822 florilegium
685 2745 830 2824 receptus
848 2747 905 2806 est
941 2739 979 2805 In
998 2741 1043 2806 eis
1061 2741 1145 2806 enim
1163 2738 1365 2821 anthologiae
1384 2739 1497 2822 eapiti-

353 2844 420 2922 bus,
443 2865 523 2930 quae
547 2845 762 2912 inscribuntur
788 2845 891 2933 (Stob.
913 2846 980 2913 llor.
1002 2848 1063 2912 vol.
1087 2847 1259 2932 119368
1283 2845 1391 2931 Mein)
1418 2846 1496 2928 περὶ

355 2943 546 3040 Ἀφροδίτης
576 2948 754 3040 πανδήμου
781 2950 987 3041 παρεχούσης
1019 2946 1081 3041 τὴν
1113 2953 1223 3020 αἰτίαν
1251 2959 1309 3040 τῆς
1335 2950 1497 3036 γενέσεως

353 3071 424 3136 τοῖς
447 3050 657 3145 ἀνθρώποις,
686 3061 842 3146 καὶπερὶ
864 3055 1008 3146 Ἔρωτος
1033 3067 1105 3126 τῶν
1127 3052 1214 3126 κατὰ
1237 3052 1277 3126 τὸ
1302 3065 1396 3144 σῶμα
1417 3049 1497 3145 q'do·

354 3171 435 3246 νῶν,
458 3172 491 3231 et
513 3163 593 3252 (flor.
613 3166 644 3231 ll
666 3187 696 3250 p.
720 3167 800 3252 384)
827 3162 933 3251 ψόγος
969 3159 1167 3254 Ἀφροδίτης,
1198 3169 1256 3232 καὶ
1283 3157 1336 3232 ὅτι
1362 3168 1497 3248 φαῦλον

353 3263 493 3356 didonis
516 3273 572 3338 καὶ
593 3269 714 3339 πόσων
738 3273 787 3360 εἴη
810 3281 927 3339 κακῶν
949 3266 1097 3358 γεγονώς
1119 3273 1238 3354 αἴτιος,
1261 3273 1366 3338 nullus
1389 3293 1497 3337 versus

353 3379 545 3462 Theognidis
568 3380 694 3445 nomine
722 3381 890 3466 insignitus
917 3402 1063 3447 exeussus
1087 3387 1148 3458 est,
1174 3379 1316 3465 quamvis
1339 3378 1433 3454 bene,
1461 3385 1498 3442 ut

353 3485 413 3552 hoe
439 3485 581 3570 exemplo
607 3493 694 3565 utar,
722 3485 844 3564 ,Musae
872 3487 1017 3573 puerilis’
1046 3489 1209 3554 exordium
1241 3477 1372 3570 Σχέτλι’
1394 3477 1498 3570 Ἔρως

354 3596 423 3658 κτλ.
448 3595 479 3657 in
503 3593 718 3659 collectionem
742 3593 965 3660 Stobaeensem
983 3595 1178 3679 quadrasset
1223 3593 1356 3660 Fontem
1374 3592 1498 3658 uberri-

353 3720 451 3778 mum,
474 3721 512 3766 ex
535 3722 597 3784 que
620 3699 776 3779 hauriret,
799 3702 826 3768 si
849 3702 977 3786 quidem
999 3703 1145 3778 novisset,
1168 3723 1231 3766 non
1255 3699 1498 3785 repudiaturum

354 3807 449 3874 fuisse
468 3804 615 3891 florilegii
637 3814 798 3874 auctorem
820 3808 912 3874 facile
935 3809 1012 3873 mihi
1036 3809 1195 3875 concedes.

442 3913 585 3996 Denique
598 3914 759 3981 videamus
777 3915 817 3980 de
831 3915 939 3994 Suida,
956 3917 1010 4000 qui
1029 3916 1132 3982 medio
1151 3915 1217 3982 fere
1235 3914 1360 3981 saecule
1375 3913 1497 3979 decimo

238 4091 243 4108 ¹
354 4022 488 4088 lonicum
519 4021 707 4105 compilavit
762 4023 793 4088 Is
819 4023 875 4089 ubi
904 4025 943 4089 de
971 4023 1174 4108 Theognidee
1199 4024 1288 4106 poiisi
1316 4023 1397 4104 agit,
1429 4023 1497 4105 ipso

354 4129 449 4195 fontis
473 4149 535 4210 quo
558 4127 709 4194 utebatur
730 4130 826 4195 verba
848 4132 971 4196 auxisse
994 4131 1044 4196 his
1067 4129 1171 4196 verbis
1193 4129 1332 4194 videtur:
1360 4118 1413 4194 ὅτι
1436 4129 1498 4213 μὲν

354 4233 564 4321 παραινέσεις
587 4229 707 4320 ἔγραψε
735 4237 884 4324 Θέογνις·
916 4231 991 4304 ἀλλ’
1014 4237 1055 4302 ἐν
1082 4235 1185 4323 μέσῳ
1213 4232 1370 4303 τούτων
1392 4257 1496 4320 παρε-

355 4341 538 4428 σπαρμέναι
573 4343 700 4431 μιαρὶαι
731 4347 788 4412 καὶ
819 4348 972 4420 sesemet
1004 4341 1126 4432 ἔρωτες
1157 4343 1213 4408 καὶ
1246 4335 1344 4422 ἄλλα,
1381 4331 1446 4408 dou
1478 4333 1497 4408 ὁ

354 4446 509 4537 ἐνάρετος
532 4444 779 4541 ἀποστρέφεται
801 4455 882 4536 βίος,
906 4475 986 4539 quae
1008 4475 1028 4520 a
1050 4451 1149 4518 Suids
1172 4451 1241 4535 ipse
1263 4449 1407 4535 profecta
1429 4470 1497 4516 esse
