3274 4938
622 389 838 452 ..23-

320 567 406 632 silvis
434 567 596 645 habitant,
623 567 738 653 quibus
766 567 798 632 in
827 565 968 650 Odyssea
990 566 1058 651 (21,
1081 567 1161 650 303)
1189 559 1308 652 ἄνδρες

320 682 530 758 opponuntur.
539 677 564 761 1)
601 675 708 740 Etiam
726 673 928 758 Thucydides
947 671 991 756 (3,
1010 672 1069 758 94)
1092 679 1202 756 gentes
1225 675 1308 738 feras

320 781 518 864 incultusque
543 774 746 865 ὠμοφάγους
768 779 916 864 appellat.

182 907 209 949 v.
235 886 296 950 711
322 888 477 969 Σίσυφος
503 877 601 973 ἥρως,
648 878 737 974 ἥρως
765 887 849 971 apud
872 885 1046 952 Homerum
1069 886 1239 952 multorum
1262 886 1307 949 vi·

319 1014 426 1059 rorum
450 993 580 1058 fortium
603 993 784 1059 nominibus
803 993 948 1058 adicitur.
986 995 1138 1075 Σίσυφος
1157 993 1189 1055 in
1208 991 1308 1056 Iliade

319 1097 492 1182 κέρδιστος
519 1106 551 1166 et
574 1098 732 1185 Αἰολίδης
756 1098 825 1185 (cir.
849 1099 988 1182 Theogn.
1014 1101 1094 1186 702)
1118 1098 1307 1164 nominatur.

181 1227 208 1268 v.
234 1204 297 1268 715
321 1195 430 1282 ποδός
457 1205 586 1290 ταχέων
599 1198 773 1291 Ἁρπυιῶν.
810 1197 976 1290 Ἁρπυιῶν
999 1213 1049 1270 ter
1071 1207 1190 1272 mentio
1213 1203 1250 1270 fit
1274 1206 1306 1270 in

318 1311 459 1396 Odyssea
486 1314 537 1398 (1,
564 1313 638 1378 241.
670 1314 724 1390 14,
751 1312 826 1376 371.
856 1312 913 1388 20,
942 1312 999 1398 77)
1027 1313 1131 1380 verbis
1157 1303 1307 1398 Ἅρπυιαι
1366 1399 1368 1402 .

317 1410 553 1504 δυηρείψαυτο.
609 1419 765 1486 Homerus
801 1414 910 1495 πόδας
945 1411 1046 1502 ταχὺς
1069 1421 1123 1484 de
1155 1419 1306 1485 heroibus

318 1525 409 1591 dieite
433 1525 469 1590 Π.
495 1526 544 1603 13,
567 1526 634 1592 482
657 1533 715 1591 ete

181 1652 206 1694 v.
232 1631 296 1698 785
319 1625 463 1718 Εόρώτα
494 1628 776 1718 δονακοτρόφου.ι
827 1633 898 1696 Non
926 1631 1123 1698 dissimiliter
1151 1631 1307 1698 Homerus

319 1739 358 1804 de
382 1740 497 1828 Asopo
511 1737 639 1804 flumine
662 1734 888 1822 βαδόσχοινος
912 1738 1016 1818 (114,
1040 1739 1128 1822 383).

158 1866 184 1908 v.
211 1845 296 1910 1117
322 1840 479 1910 κάλλιστε
502 1847 559 1910 καὶ
582 1842 793 1930 ἱμεροέστατε
814 1843 928 1910 Plutus
946 1847 1118 1910 invocatur.
1155 1847 1307 1922 Πλοῦτος

318 1951 396 2016 deus
420 1953 504 2034 apud
528 1953 702 2018 Hesiodum
727 1952 846 2034 (theog.
870 1951 951 2036 972)
973 1947 1107 2031 ἐσθλός,
1130 1947 1308 2027 κάλλιστος

319 2060 404 2142 apud
428 2059 564 2124 eundem
582 2059 701 2142 (theog.
725 2059 801 2143 120)
815 2051 919 2142 Ἔρως
938 2059 1127 2123 nominetur.
1165 2053 1308 2142 ἱμερόεις

318 2165 482 2248 epitheton
505 2164 546 2230 ab
569 2165 707 2230 Homero
731 2166 874 2248 personis
896 2185 959 2229 non
983 2164 1150 2240 tribuitur,
1173 2164 1228 2229 sed
1252 2165 1306 2229 ef.

318 2271 391 2336 Hes.
416 2271 520 2355 theog.
545 2271 608 2335 359
638 2267 815 2355 ἱμερόεσσα
838 2266 1000 2354 Καλυψώ.
1047 2270 1195 2336 Ceterum
1221 2268 1307 2334 Oidt-
1440 2293 1448 2307 ·

316 2377 455 2454 ποδείας
491 2384 587 2460 poeto
623 2377 757 2462 cyclicus
767 2377 793 2460 ²)
827 2377 1020 2444 Haemonem
1057 2371 1238 2441 κάλλιστόν
1270 2399 1306 2440 τε

317 2485 374 2547 καὶ
397 2480 634 2568 ίμεροέστατον
659 2477 772 2548 ἄλλων
795 2484 946 2549 nominet.

370 2749 400 2804 a.
429 2717 473 2804 ue'
491 2749 636 2816 optinens
656 2749 807 2804 nominum
828 2749 1093 2818 apperiat-norum.

246 2897 280 2994 a)
314 2909 400 2974 Haeo
432 2909 576 2993 epitheta
608 2916 639 2976 ot
670 2910 756 2992 apud
788 2910 961 2974 Homerum
994 2909 1042 2974 vel
1070 2909 1243 2974 Hesiodum
1275 2915 1307 2973 et

158 3015 241 3099 apud
261 3015 483 3098 Theognidom·
502 3015 619 3082 eisdem
643 3016 823 3082 nominibus
847 3017 1048 3100 appellativis
1072 3014 1258 3081 tribuuntur
1267 3018 1307 3100 3);

246 3143 272 3185 r.
297 3123 317 3186 9
342 3113 444 3208 όδμῆς
468 3115 660 3208 όμβροσίηςι
692 3122 722 3188 h.
748 3122 776 3197 7,
800 3123 841 3186 36
867 3113 951 3208 όδμὴ
973 3125 977 3204 Ι
998 3113 1169 3207 ἀμβροσίη.
1217 3122 1307 3188 Hom.

156 3241 281 3312 χαῖται,
308 3227 450 3308 πέπλος,
479 3223 542 3307 νύξ
564 3220 658 3312 όμβρ.
686 3227 699 3316 Ι)
724 3241 801 3313 γαία
824 3224 975 3313 πελώρης
1009 3227 1080 3292 Hes.
1105 3227 1209 3311 theog.
1236 3227 1307 3292 159.

161 3335 230 3399 173.
255 3333 340 3400 858.Ι
383 3336 473 3402 Hom.
499 3331 645 3419 δράκων,
675 3330 827 3418 Κύκλωψ
849 3334 1017 3419 πέλωρος;
1046 3334 1147 3399 forma
1169 3330 1305 3420 πελώρη

158 3463 219 3505 non
246 3441 364 3524 legitur
386 3444 471 3524 apud
494 3442 666 3507 Homerum
692 3440 704 3528 ll
730 3463 757 3506 v.
785 3443 825 3506 10
848 3432 929 3518 ἁλός
952 3445 1085 3528 πολιῆςι
1119 3441 1154 3507 11.
1180 3443 1231 3518 21,
1255 3443 1307 3506 59.

158 3546 205 3611 De
233 3547 438 3612 collocatione
465 3547 559 3612 huius
586 3548 741 3613 formulae
769 3550 853 3632 apud
882 3548 1054 3614 Homerum
1082 3549 1142 3611 vid.
1170 3571 1199 3632 p.
1223 3547 1266 3612 15
1292 3547 1304 3632 ))

158 3675 183 3716 v.
207 3653 247 3716 12
270 3655 368 3739 νηυσὶ
391 3659 504 3742 honlo:
528 3655 564 3718 ll.
588 3659 618 3732 9,
641 3655 706 3719 332
730 3655 785 3720 efr.
809 3678 837 3739 p.
861 3653 935 3740 15))
957 3677 983 3717 v.
1006 3654 1046 3716 13
1066 3659 1098 3716 et
1120 3653 1182 3716 767
1203 3644 1308 3729 κακὰς

159 3809 194 3822 ..
218 3766 334 3845 κῆραςε
363 3759 399 3824 ll.
427 3759 476 3836 12,
503 3760 669 3847 1133111.
694 3763 732 3825 31
759 3775 894 3827 κακοίσι
918 3812 924 3824 .
946 3811 980 3824 ..
1007 3750 1177 3844 ἀνδράσιν.
1206 3759 1253 3823 De
1277 3760 1306 3822 vi

159 3865 268 3930 morali
292 3871 324 3930 et
348 3866 430 3938 oirili
454 3867 538 3931 voois
556 3875 665 3932 κακοῦ
682 3869 744 3932 vid.
763 3867 919 3942 Welokor,
942 3865 1135 3948 Theognidis
1155 3864 1307 3949 reliquiae

158 3995 186 4055 p.
206 3971 311 4036 XXIX
330 3995 385 4055 sq,
408 3972 463 4037 ubi
482 3974 624 4058 exempla
644 3995 682 4038 ox
700 3975 831 4040 Homeri
851 3973 1045 4040 carminibus
1065 3972 1181 4038 collate
1199 3977 1273 4037 sunt
1293 3969 1305 4058 ))

248 4151 267 4211 ¹)
287 4149 335 4203 eir.
355 4149 485 4218 Heigelin
504 4148 532 4203 in
552 4149 649 4220 Penlyi
668 4149 932 4220 realenoyklopiidie
952 4149 987 4216 ΙΙ,
1009 4167 1034 4217 p.
1054 4151 1115 4205 257.

247 4236 268 4303 ²)
287 4237 424 4292 Editionis
443 4237 639 4295 Dindorflanae
658 4258 685 4310 p.
705 4240 766 4296 587.

248 4325 268 4390 ²³)
295 4325 436 4382 Asteriseo
461 4326 553 4380 notavi
577 4327 711 4383 vocabule
735 4343 806 4397 quae
824 4327 900 4398 apud
920 4327 1072 4382 Homerum
1094 4325 1137 4406 rel
1157 4321 1307 4380 Hesiodum

159 4414 262 4479 eudem,
282 4431 336 4487 quo
354 4417 427 4488 apud
447 4414 635 4486 Theognidem
655 4433 750 4474 versus
769 4419 835 4476 sede
854 4416 994 4488 leguntur.
