3262 4926
620 371 838 434 ...23-

92 551 96 560 ’
161 559 313 642 coniungi
334 579 406 625 cnm
430 577 479 635 eo,
498 558 584 642 quod
600 558 694 623 modo
710 557 894 624 tractaverit
916 563 965 640 (ex
988 556 1048 623 hoc
1064 558 1183 643 aptam)
1211 562 1244 622 et
1262 577 1302 622 ex

161 663 221 728 hoc
241 663 315 747 ipso
336 655 466 746 probari
492 660 597 744 (fidem
614 660 755 742 ducere).
794 661 864 726 Iam
879 667 915 726 ut
931 680 1043 726 versus
1061 662 1188 726 stt-8
1203 679 1302 726 accu-

159 765 260 830 ratius
284 764 550 848 contemplemur,
580 770 678 830 antea
706 763 959 829 demonstratum
986 769 1073 846 erat,
1108 762 1302 847 uprimordia

162 887 264 934 rernm
287 867 378 932 linita
394 866 520 932 variare
536 865 709 949 figurarum
726 867 884 932 rationes:
912 885 997 932 nunc
1016 865 1300 932 demonstrandum

161 977 211 1036 est
232 969 407 1055 primordia
428 989 534 1035 rerum

266 1075 328 1136 524
352 1073 434 1136 inter
456 1095 489 1137 se
511 1073 610 1136 simili
630 1095 711 1158 quae
732 1081 805 1136 suat
820 1074 970 1158 perfecta
979 1073 1105 1158 sipara,

351 1177 475 1261 infinita
496 1176 609 1242 clude.

164 1279 265 1362 quue
287 1279 339 1344 lit:

275 1387 337 1446 525
690 1382 803 1446 etenim
825 1381 979 1446 distantia
1001 1405 1070 1446 eum
1093 1383 1136 1446 sit

330 1487 518 1572 formarum
528 1485 642 1570 finita,
668 1495 820 1551 necessest
842 1508 921 1570 quae
945 1485 1062 1550 similes
1084 1485 1148 1550 sint

333 1613 399 1654 esse
421 1589 571 1675 definitas.

163 1695 231 1759 Hoc
252 1693 352 1776 igitur
372 1693 419 1758 ita
442 1700 565 1758 tantum
587 1692 738 1778 probatur
762 1692 866 1776 (fidem
883 1692 994 1774 ducit),
1021 1692 1159 1759 utillud
1181 1699 1301 1758 rectum

161 1816 234 1863 esse
256 1803 400 1862 sumatur
426 1798 477 1880 (ex
499 1796 560 1862 hoc
583 1801 721 1880 aptum).

247 1900 341 1964 Nunc
371 1899 413 1964 ad
442 1918 556 1964 versus
579 1900 654 1963 478.
680 1903 699 1962 9
722 1897 927 1964 accedamus.
973 1897 1054 1964 Inde
1077 1919 1097 1964 a
1119 1919 1216 1964 versu
1238 1903 1301 1963 tell

162 2001 327 2084 usquead
351 2005 410 2064 521
436 2000 498 2067 hoc
519 2002 738 2068 demonstrare
761 2002 831 2067 vult
851 2009 962 2085 poeta:
994 2001 1169 2084 primordia
1195 2021 1301 2067 rerum

161 2103 252 2169 linita
263 2105 387 2170 variare
399 2104 574 2186 figurarum
587 2104 720 2183 ratioue;
737 2111 961 2188 argumentum
973 2111 1080 2170 autem
1093 2125 1133 2170 ex
1145 2105 1302 2171 contrario

163 2206 342 2272 conficitur:
369 2227 443 2272 nam
467 2207 530 2273 nisi
552 2207 726 2292 primordia
748 2207 847 2272 linitis
870 2207 982 2272 formis
1005 2206 1160 2272 distantia
1179 2214 1298 2286 essent,

164 2309 320 2391 quaedam
343 2309 476 2374 immani
498 2310 695 2376 maximitate
718 2330 792 2376 esse
814 2309 950 2376 debere:
978 2309 1063 2392 quod
1085 2310 1215 2394 probari
1238 2330 1299 2375 non

164 2432 260 2496 posse
280 2411 346 2477 ium
377 2432 475 2496 supra
505 2433 539 2478 se
566 2413 724 2479 docuisse.
772 2413 894 2491 Quibus
924 2413 1031 2480 verbis
1060 2433 1122 2495 quo
1153 2413 1303 2496 respiciat

162 2516 340 2598 Lucretius,
367 2516 484 2582 certari
505 2523 626 2601 potest:
658 2516 692 2582 id
714 2523 823 2582 tamen
846 2525 967 2583 certum
990 2525 1040 2583 est
1062 2538 1133 2584 enm
1157 2538 1221 2583 non
1243 2517 1302 2582 niti

163 2620 197 2684 in
220 2640 260 2684 ea
282 2639 331 2698 re,
365 2641 462 2702 quam
485 2618 579 2684 modo
600 2620 718 2696 docuit,
744 2641 832 2698 cum,
860 2640 955 2702 quam
982 2620 1168 2703 multigenis
1191 2619 1302 2686 formis

163 2722 337 2808 primordia
359 2721 507 2806 praedita
529 2729 650 2800 esseut,
675 2728 851 2806 exponeret
878 2726 1083 2806 (ssa-477).

250 2825 317 2890 lam
334 2843 409 2890 vero
426 2832 550 2889 constat
565 2831 597 2890 et
613 2827 739 2889 tlt-8
756 2826 836 2891 bene
854 2845 926 2891 cum
943 2827 1108 2890 480-521
1132 2826 1302 2892 cohaerere

164 2948 341 3011 versusque
357 2931 431 2994 522.
444 2931 462 2991 3
478 2935 564 2992 recte
578 2928 702 3011 positos
714 2933 798 3007 esse,
813 2947 918 3010 neque
931 2931 1096 2992 tto-521
1113 2949 1154 2994 ex
1167 2929 1303 2994 totailla

163 3032 203 3098 de
219 3031 330 3098 formis
345 3031 588 3116 primordiorum
604 3031 792 3113 quaestione
808 3030 942 3096 dissolvi
956 3050 1063 3115 posse.
1095 3031 1178 3097 Illud
1195 3039 1302 3099 autem

272 3136 358 3219 quod
378 3133 525 3219 quioniam
548 3133 650 3212 docui,
671 3155 805 3217 perquire
829 3142 986 3198 conectere
1008 3157 1074 3197 rem
1097 3157 1176 3220 quac
1256 3191 1257 3194 ,

250 3261 310 3301 ·ee
332 3237 390 3300 hoc
412 3245 488 3320 apte
498 3237 602 3321 fidem
624 3237 720 3300 ducat

164 3340 240 3422 qnia
261 3347 336 3406 autc
360 3342 421 3403 480
444 3359 629 3423 perversum
653 3345 720 3418 est,
746 3357 767 3402 a
789 3345 887 3423 poeta
909 3338 1061 3422 scriptum
1084 3359 1157 3404 esse
1179 3341 1300 3420 nequit.

250 3442 300 3507 Ad
323 3443 475 3508 lectorem
497 3461 573 3508 vero
596 3448 653 3507 aut
675 3442 919 3524 grammaticum
935 3441 1218 3526 interpolationum
1234 3450 1304 3507 stu·

163 3546 288 3611 dissum
306 3545 334 3611 si
349 3544 434 3610 hano
449 3545 650 3612 iterationem
667 3544 869 3624 referremus,
893 3545 1081 3610 sumendum
1097 3551 1183 3610 esset
1205 3545 1302 3610 aliam

164 3650 317 3714 transitus
339 3648 472 3714 formam
496 3668 536 3714 ea
557 3649 725 3732 expulsam
749 3667 838 3726 esse3
869 3667 931 3729 quo
962 3653 1069 3712 antem
1093 3647 1228 3714 consilio
1250 3648 1303 3713 vel

163 3750 300 3835 margini
323 3750 488 3837 adscripta
510 3752 560 3816 vel
584 3751 776 3836 interpolata
798 3751 851 3833 sit,
877 3749 932 3815 vix
955 3750 1060 3816 dieas:
1086 3750 1128 3816 ad
1150 3750 1304 3816 editorem

164 3857 190 3922 si
212 3855 390 3936 referimus,
416 3855 539 3938 lingere
562 3873 752 3939 possumus,
786 3874 842 3935 ea,
868 3873 952 3936 quae
981 3853 1056 3919 iude
1080 3875 1100 3918 a
1121 3873 1217 3919 versu
1241 3856 1298 3918 481

167 3959 288 4043 scripta
311 3967 396 4040 sunt,
422 3957 456 4022 iu
479 3957 576 4024 scidis
599 3965 712 4041 poetae
736 3977 800 4022 uon
825 3955 998 4022 satiacum
1022 3957 1079 4036 eis,
1106 3975 1190 4038 quae
1212 3963 1303 4021 ante-

163 4061 333 4140 cedebant,
352 4061 523 4126 coniuncta
538 4060 651 4138 fuisse,
671 4067 768 4141 atque
784 4059 983 4125 transitionis
1000 4059 1189 4125 efficiendae
1204 4079 1306 4125 causa

166 4165 320 4230 editorem
343 4164 417 4230 illos
440 4183 554 4230 versus
578 4184 619 4229 ex
641 4167 716 4226 522.
743 4166 761 4227 3
784 4161 1015 4247 desumpsisse.

252 4268 316 4334 Sed
338 4267 525 4352 priusquam
549 4267 592 4332 ad
615 4288 687 4334 eum
710 4267 782 4332 libri
805 4265 900 4350 primi
922 4266 1026 4332 locum
1043 4274 1215 4348 transeam,
1243 4285 1308 4348 quo
