3280 4934
325 386 367 452 ss
760 425 798 436 .-
847 387 942 473 [132]
990 425 1032 436 -

326 584 402 649 data
429 583 470 649 ad
493 583 690 668 Lysandrum
717 585 846 652 missum
869 607 936 652 esse
964 587 1087 663 seimus,
1114 605 1212 670 prope
1234 584 1347 651 urbem
1369 583 1469 668 ipsam

326 692 444 756 diutius
477 698 543 758 tres
575 713 697 758 menses
725 698 952 759 commoratum
983 715 1050 759 esse
1082 691 1266 776 persuaderi
1296 691 1374 756 mihi
1406 713 1469 755 non

325 799 438 883 patior,
466 799 521 866 sod
545 805 630 867 certe
657 801 741 885 apud
764 800 961 885 Lysandrum
984 799 1118 865 Athenis
1146 798 1307 866 absentem
1329 797 1470 863 moratu's

325 912 380 972 est.
427 905 491 972 Ubi
515 913 621 974 autem
643 915 719 974 tuno
741 907 900 992 temporis,
923 929 985 992 quo
1009 906 1121 973 Samus
1144 907 1213 973 sola
1234 906 1275 972 ab
1295 905 1469 970 Athenien-

325 1013 412 1080 sibus
439 1036 502 1080 non
530 1013 701 1094 defecerat,
731 1013 930 1100 Lysandrum
944 1019 1117 1081 'versatum
1144 1035 1268 1099 quaque
1295 1013 1328 1077 in
1355 1035 1390 1078 re
1418 1033 1470 1078 oo-

325 1126 473 1205 oupatum
497 1109 564 1189 e'sse
586 1123 767 1209 putabimus
789 1121 850 1187 nisi
874 1122 907 1186 in
931 1121 1025 1188 Samo
1048 1123 1152 1189 insula
1175 1120 1368 1188 obsidenda?
1414 1119 1471 1185 Sat

325 1228 424 1312 igitur
447 1229 611 1314 probabile
635 1235 691 1308 est,
713 1229 912 1315 Lysandrum
934 1251 1049 1315 magna
1073 1234 1165 1313 parte
1188 1229 1313 1294 navium
1337 1228 1470 1294 Athenis

325 1336 436 1401 relicta
459 1337 492 1403 in
517 1337 624 1402 Asiam
647 1339 688 1402 ad
712 1335 833 1404 Samios
857 1337 1047 1422 subigendos
1070 1335 1246 1422 proiectum
1270 1357 1336 1402 esse
1363 1335 1470 1420 ibique

326 1450 495 1520 moratum3
531 1445 631 1511 donee
662 1445 858 1511 Athenarum
895 1446 1087 1512 deditionem
1123 1445 1243 1510 instare
1275 1448 1468 1529 compertum

325 1551 465 1618 haberet.
527 1552 595 1617 Iam
626 1554 819 1638 oppugnatio
850 1558 919 1618 tum
954 1552 1135 1619 intermissa
1166 1551 1301 1618 Athenis
1332 1551 1468 1629 traditis,

325 1661 508 1744 priusquam
539 1659 671 1744 triginta
708 1661 766 1726 viri
802 1660 941 1726 instituti
974 1665 1060 1739 sunt,
1097 1660 1199 1726 denuo
1236 1665 1380 1744 susceptu
1411 1663 1468 1725 est.

327 1766 406 1832 Nam
435 1771 467 1831 et
494 1765 604 1851 Lysias
631 1772 664 1832 et
689 1767 847 1833 Diodorus
879 1768 920 1834 ad
953 1789 1006 1836 eos
1034 1767 1246 1834 instituendos
1273 1767 1470 1853 Lysandrum

328 1872 421 1939 Samo
448 1876 634 1939 arcessitum
657 1897 723 1941 esse
746 1881 885 1941 narrant.
936 1876 1080 1960 Denique
1103 1881 1228 1960 oaptam
1252 1895 1320 1941 esse
1343 1871 1470 1939 Samum

326 1982 459 2066 triginta
491 1982 565 2048 viris
598 1983 660 2048 iam
692 1985 847 2050 institutis
879 2004 978 2068 eaque
1010 1988 1103 2067 capta
1133 1982 1226 2048 finem
1263 1982 1361 2047 totius
1394 1979 1470 2045 belli

326 2089 498 2153 adductum
521 2088 780 2175 Lysandmmque
808 2093 934 2157 domum
963 2091 1137 2177 profectum
1164 2111 1240 2169 esse,
1267 2088 1469 2174 Xenophonti

327 2193 419 2261 facile
444 2197 607 2264 oredimus.

839 2431 929 2556 ¹u

415 2624 501 2691 Haeo
528 2624 698 2704 habebam,
727 2649 807 2712 quae
831 2628 1001 2694 scriberem
1024 2627 1063 2694 de
1090 2629 1172 2695 serie
1199 2649 1318 2707 rerum;
1345 2631 1469 2708 addam,

273 2759 278 2766 ·
328 2732 462 2817 quibus
494 2733 660 2820 quidque
696 2735 785 2800 anni
821 2730 1055 2820 temporibus
1092 2735 1333 2802 tribuendum
1365 2737 1469 2803 vide·

327 2848 419 2907 atur.
469 2839 517 2906 Ao
548 2841 610 2905 duo
643 2847 717 2906 sunt
747 2841 845 2921 faeta,
878 2865 958 2927 quae
990 2845 1073 2910 inter
1100 2847 1204 2908 cetera
1232 2845 1369 2910 eminent
1396 2849 1469 2929 post

326 2967 464 3030 pugnam
486 2947 572 3031 apud
600 2946 845 3033 Aegospotamos
873 2951 1081 3029 commissam,
1109 2949 1253 3017 Athenae
1281 2953 1408 3018 deditae
1437 2957 1470 3017 et

327 3055 460 3139 triginta
482 3055 542 3119 viri
566 3055 712 3122 instituti.
758 3057 825 3122 lam
849 3057 888 3123 de
906 3057 1103 3124 Athenarum
1126 3049 1305 3124 deditarum
1328 3065 1470 3146 temporo

327 3161 355 3226 si
386 3163 576 3245 quaerimus,
608 3159 691 3228 forte
728 3162 855 3231 fortuna
890 3167 1011 3250 ipsum
1047 3167 1158 3244 diem,
1195 3189 1266 3250 quo
1298 3166 1469 3234 Athenae

327 3274 409 3335 sunt
435 3270 617 3346 traditae,
646 3290 683 3334 ex
706 3269 888 3348 Plutarohei
915 3274 1057 3339 novimus
1079 3272 1235 3359 Lysandri
1263 3297 1288 3340 e.
1309 3275 1368 3340 XV
1391 3268 1410 3342 ὁ
1436 3267 1469 3342 δ’

328 3363 391 3441 οὖν
424 3371 620 3462 Λύσανδρος
656 3367 702 3454 ὡς
738 3379 903 3466 παρέλαβε
936 3377 995 3459 τάς
1029 3403 1066 3446 τε
1103 3387 1184 3460 ναῦς
1217 3373 1353 3461 ἁπάσας”
1382 3375 1470 3471 πλὴν

328 3479 459 3548 δώδεκα
490 3485 547 3548 καὶ
579 3474 620 3548 τὰ
653 3486 741 3572 τείχη
771 3477 957 3573 Ἀθηναίων
989 3483 1067 3572 ἕκτῃ
1101 3487 1156 3553 ἐπὶ
1188 3485 1310 3574 δεκάτῃ
1342 3495 1470 3556 Μουνι-

324 3596 447 3673 χιῶνος
473 3583 586 3675 μηνὸς,
615 3589 651 3656 ἐν
673 3581 693 3676 ᾗ
717 3595 773 3658 καὶ
800 3585 861 3680 τὴν
886 3592 921 3660 ἐν
944 3596 1110 3680 Σαλαμῖνι
1137 3597 1323 3681 ναυμαχίαν
1346 3595 1470 3664 ἐνίκων

326 3688 388 3761 τὸν
420 3693 601 3782 βάρβαρον,
634 3695 832 3779 ἐβούλευσεν
860 3693 964 3779 εὐθὺς
995 3704 1051 3767 καὶ
1082 3694 1144 3789 τὴν
1171 3704 1346 3770 πολιτείαν
1372 3727 1469 3790 μετα-

327 3809 450 3890 στῆσαι.
490 3802 585 3869 Cuius
609 3807 781 3872 testimonii
803 3809 850 3873 vis
875 3810 949 3876 inde
967 3810 1164 3894 aliquantum
1187 3809 1318 3896 infringi
1336 3811 1470 3891 videtur,

326 3911 409 3994 quod
433 3931 571 3995 pugnam
590 3909 793 3980 Salaminiam
816 3921 902 3982 certe
920 3923 1072 3982 autumno
1096 3915 1169 3982 anni
1188 3917 1255 3982 480
1273 3918 1470 3983 commissam

327 4038 393 4082 esse
412 4024 543 4083 constat.
574 4019 641 4098 Qua
660 4043 694 4086 re
714 4028 887 4088 commotus
905 4023 1174 4112 loDroysenus1)
1189 4045 1289 4111 nuper
1303 4023 1471 4103 dubitavit,

326 4145 401 4188 uum
428 4123 506 4190 fides
534 4125 682 4192 habenda
705 4135 788 4196 esset
815 4128 993 4196 Plutarcho.
1039 4129 1105 4196 Neo
1133 4137 1238 4198 tamen
1261 4133 1470 4200 omittendum

326 4287 537 4298 -..-.—-—......—....

416 4375 434 4442 1)
453 4375 489 4430 10.
510 4357 634 4448 Droysen
658 4375 692 4432 de
712 4377 910 4449 Demophanti,
934 4375 1112 4448 Patroclidis,
1131 4379 1271 4439 Tisameni
1295 4381 1469 4454 populiscitis

326 4477 396 4531 ques
409 4461 512 4520 inserta
522 4473 586 4522 sunt
595 4466 746 4537 Andpeidie
757 4467 875 4524 orationi
890 4469 956 4539 περὶ
969 4470 1139 4542 μυστηρίων.
1159 4472 1369 4529 Berolini18i3.
1387 4485 1416 4544 p.
1426 4475 1470 4530 26.
