3304 4928
612 464 653 472 -
702 426 796 509 [237]
846 463 886 474 -

265 621 316 687 Ad
339 643 366 685 v.
391 621 470 686 211:

333 745 368 810 S:
727 743 769 810 R:
1117 742 1189 810 VO:

180 848 351 918 Αίκάλλει·
445 858 523 919 θαι·
578 847 738 918 Αίκάλλει
748 846 924 916 κολακεύει
978 847 1138 916 Αίκάίίει
1176 850 1211 915 δὲ
1252 856 1324 917 θω-

178 956 289 1025 πεύει
471 1016 477 1028 .
978 953 1072 1024 παύει
1086 979 1135 1042 με.
1163 952 1325 1043 γράφεται

320 1089 381 1132 om.
723 1087 781 1131 om.
822 1053 826 1067 ι
980 1065 1031 1154 (δὲ
1048 1065 1190 1130 καίοιίᾶ.
1207 1063 1253 1151 V)
1268 1087 1324 1128 κα-

439 1187 527 1239 κινεῖ

177 1280 411 1367 προτρέπεται.
550 1230 553 1327 ί

550 1334 553 1388 Ι

213 1467 215 1471 ’
266 1442 317 1507 Ad
340 1465 367 1508 v.
390 1443 447 1508 42:

177 1557 273 1648 ΙΙνύξ
294 1563 400 1646 τόπος
419 1559 523 1655 Ἀθή-

178 1693 275 1760 νησιν
299 1671 385 1741 ἔνθα

255 1780 472 1869 ἐκκλησίαζον
492 1779 524 1848 σί

178 1880 367 1976 Ἀθηναῖοι.

321 2127 380 2170 0111.

457 2337 522 2384 010·

176 2448 243 2511 περ
259 2424 294 2490 δὲ
309 2426 452 2512 πολίτην
466 2431 525 2512 τῆς

176 2523 315 2609 Πυκνὸς
353 2532 525 2618 Πυκνίτην

176 2635 261 2706 εἷπε.
303 2630 398 2718 Πνύξ
416 2639 450 2703 δὲ
475 2637 525 2702 λί-

175 2769 272 2832 γεται
294 2737 386 2830 παρὰ
404 2736 444 2810 τό
464 2767 526 2809 πυ-

177 2859 350 2919 κνοῦσθαι

325 3088 383 3131 0111.

840 1185 928 1237 κινεῖ

579 1279 813 1367 προτρέπεται.

980 1177 1088 1257 ίεῑμε,
1107 1163 1183 1236 ἀντὶ
1197 1177 1260 1236 τοῦ
1274 1193 1324 1235 κι-

980 1291 1033 1346 vel
1054 1277 1288 1366 προτρέπεται.

978 1557 1072 1647 Πνὺξ
1093 1561 1198 1643 τόπος
1218 1557 1324 1652 Ἀθη·
1402 1637 1412 1663 .

977 1691 1073 1760 νησιν
1111 1668 1197 1738 ἔνθα
1234 1667 1324 1737 ἔστιν

978 1771 1035 1846 ὅτε
1056 1779 1272 1867 ἐκκλησίαζον
1292 1776 1325 1844 οἱ

978 1883 1166 1972 Ἀθηναῖοι.
1231 1878 1326 1967 Πνύξ

977 1986 1039 2081 γὰρ
1058 1990 1164 2070 τόπος
1179 1991 1215 2059 ἐν
1230 1985 1324 2080 Ἀθή-

978 2125 1061 2180 ναις,
1076 2097 1162 2167 ἔνθα
1177 2093 1324 2187 ἧίκκλη-

979 2210 1034 2274 σία
1080 2221 1324 2293 συνεκροτεῖτο,

979 2307 1041 2380 τὸν
1065 2314 1170 2401 δῆμον
1195 2313 1229 2379 δὲ
1258 2304 1324 2378 ὥσ·

977 2443 1041 2522 πηρ
1083 2421 1225 2506 πολίτην
1266 2426 1324 2502 τῆς

978 2518 1109 2605 πυυκός
1128 2522 1208 2592 είπε.
1232 2517 1327 2606 Πνύξ

981 2633 1016 2698 δὲ
1034 2633 1163 2718 λέγεται
1177 2623 1269 2719 παρὰ
1284 2624 1324 2697 τὸ

979 2747 1195 2808 πυκνοῦσθαι
1258 2737 1328 2804 ἐκεῖ

979 2839 1058 2926 τούς
1085 2843 1278 2929 βουλευτάς,
1304 2837 1325 2911 ί

981 2948 1048 3023 ἀπὸ
1063 2962 1127 3021 τοῦ
1145 2959 1326 3019 πεπυκνῶ-

981 3067 1062 3128 σθαι
1107 3075 1179 3138 ταῖς
1224 3059 1325 3125 καθέ-

982 3170 1082 3254 δραις.

180 3390 238 3453 καί
274 3379 315 3453 τό
353 3385 389 3452 ἐν
422 3379 527 3473 Ἀθή-
583 3377 678 3466 Πνυξ
699 3375 738 3448 τὸ
764 3380 800 3448 ίν
819 3375 926 3470 Ἀθή-

82 3525 86 3532 ’
178 3517 253 3572 ναις
265 3494 300 3560 δὲ
313 3488 527 3579 δικαστήριον
584 3515 656 3569 ναις
680 3486 904 3577 δικαστήριον.
1124 3509 1183 3553 om.

179 3593 276 3682 Πνίιξ
299 3599 459 3665 ἐκαλεῖτο.

269 3762 413 3845 Denique
436 3759 477 3826 ad
500 3780 527 3824 v.
555 3759 608 3824 19:

179 3883 209 3950 S.
230 3908 253 3952 ε.
274 3888 314 3970 gl.
334 3884 527 3951 Διασκονδι-

302 3995 409 4076 κίσης·

179 4089 227 4184 μὴ
253 4091 458 4184 εὕριπιδίσης
469 4101 494 4184 ¹)
580 4090 628 4184 μὴ
653 4089 857 4183 ευριπισίσης
982 4081 1326 4180 Αιεύριπιδίσῃςήίὰθ

324 4229 383 4272 om,
723 4226 781 4271 om,
980 4196 1086 4287 μήτηρ
1141 4191 1328 4284 Εὐριπίδου

255 4493 273 4556 ¹)
293 4499 356 4559 post
374 4483 575 4557 ἀποδειλιάσης
593 4489 720 4562 positum,
