3304 4928
613 429 652 442 -
702 394 798 480 [169]
844 433 886 444 -
938 489 942 496 ι

266 587 330 654 368
355 604 416 654 σου
857 609 892 656 σε

266 695 333 760 402
355 697 431 780 περὶ
454 692 597 764 πάντων
855 699 933 782 περὶ
955 689 1056 763 πάντ’

265 801 328 867 481
354 812 549 891 παριστορῶ
855 811 1060 890 παραστορῶ

265 907 329 972 527
353 905 481 988 τάσεως
857 907 1004 988 στάσεως

266 1015 331 1082 693
354 1023 493 1101 μορμῶυ
856 1009 974 1102 μορμώ

268 1121 331 1186 756
357 1131 482 1190 σαυτοῦ
857 1132 1002 1190 σεαυτοῦ

266 1229 330 1295 784
355 1228 521 1315 έπανέρου
857 1229 1041 1316 ἐπαναίρου

267 1337 333 1402 830
355 1342 648 1423 θαλαττοκομπεῖς
855 1341 1125 1416 θαλαττοκοπεῖς

267 1443 331 1509 853
354 1439 488 1522 τούτοις
856 1441 999 1523 τούτους

266 1549 330 1614 978
355 1542 615 1639 ἀργαλεῶτέροιν
626 1556 651 1641 ¹)
856 1544 1122 1638 ἀργαλεωτάτων

265 1657 330 1722 983
351 1659 522 1743 χρυσλνιυν
854 1661 1003 1747 χρησίμω
1013 1661 1040 1746 ²)

264 1764 326 1829 991
354 1762 464 1831 έθέλει
857 1765 989 1832 ἐθέλειν

246 1869 333 1936 1150
355 1878 558 1956 κατομυλῶν
855 1879 1056 1961 καταμηλῶν

246 1979 330 2042 1264
353 1979 644 2064 καταπαυομένοις
855 1981 1162 2066 καταπαυομένοισι

246 2085 330 2151 1285
354 2087 548 2170 κασαυρέοις
855 2088 1101 2174 κασαυρέυισιθ)

245 2191 331 2258 1370
352 2190 634 2280 μετεγροφήσετοι
854 2191 1155 2282 μετεγγραφήσεται

244 2299 329 2364 1405
353 2295 456 2384 έύρον
838 2297 956 2384 ,έδραν
979 2293 1016 2366 θ’

175 2458 310 2543 denique
338 2484 365 2525 v.
393 2460 457 2526 501
488 2451 534 2538 ῶς
562 2453 615 2543 ἐφ’
637 2451 720 2547 ἡμᾶς
747 2481 805 2545 pro
833 2453 878 2538 ὡς
905 2454 1002 2548 ἡμᾶς,
1034 2461 1089 2526 ubi
1117 2460 1319 2528 Ambrosiuni

174 2567 289 2632 uitium
310 2568 384 2633 inde
411 2574 517 2633 ortum
540 2574 601 2645 est,
624 2568 709 2651 quod
732 2568 887 2652 glossema
910 2565 965 2633 ἐπὶ
987 2569 1118 2634 υοοιιΙεο
1141 2559 1187 2646 ὡς
1210 2589 1319 2653 super-

175 2674 326 2760 scriptum
349 2676 382 2738 in
406 2680 587 2741 contextum
613 2675 738 2740 inuasiu

234 2797 362 2886 ‚Vides
389 2822 484 2884 quum
512 2801 577 2866 sint
599 2799 685 2868 leuia
706 2799 907 2893 Ambrosium
934 2800 1064 2884 propria
1086 2801 1178 2878 uitia,
1206 2800 1320 2886 quibus
1356 2787 1359 2800 ¹

175 2927 195 2970 a
218 2905 317 2972 Suida
340 2907 504 2991 discrepet.

264 3029 322 3096 His
346 3031 539 3116 adiungendi
562 3037 636 3098 suut
653 3032 776 3116 aliquot
793 3031 862 3106 loci,
884 3031 998 3116 quibus
1018 3033 1128 3099 eodum
1146 3032 1239 3097 modo
1258 3053 1320 3116 quo

176 3137 210 3202 in
234 3136 443 3204 Ambrosiano
471 3139 503 3204 in
531 3161 594 3204 uno
617 3137 759 3204 uterouo
783 3159 821 3202 ex
843 3138 974 3224 reliquis
997 3138 1158 3204 codicibus
1181 3143 1319 3204 erratum

175 3251 234 3321 est,
257 3265 327 3310 cum
350 3244 463 3311 Suidus
487 3267 557 3312 cum
580 3246 692 3312 ceteris
716 3243 875 3311 oodioibus
898 3245 1004 3324 faciat,
1027 3245 1115 3312 uolut
1138 3247 1170 3310 in
1194 3267 1239 3309 vv.

270 3370 334 3434 295
356 3365 484 3454 γρύζεις
507 3371 688 3436 Μ-Ρ-ΑΔΘ
710 3391 768 3454 pro
790 3365 915 3458 γρύξει(
934 3371 958 3457 ),

264 3475 328 3541 357
354 3469 481 3542 ἐκπιών
504 3475 719 3556 M-V-P-AA,
743 3468 883 3555 έκπιών,
907 3501 927 3541 κ
950 3479 983 3542 in
1005 3497 1117 3542 rasura
1140 3497 1198 3542 sec.
1221 3499 1261 3542 m.
1281 3481 1320 3558 Γ,

351 3605 409 3668 pro
429 3575 575 3650 ἐπιπιῶν
591 3582 654 3660 SR3
672 3585 828 3668 genuinae
847 3585 991 3650 lectionis
1010 3584 1178 3667 uestigium
1197 3603 1319 3649 remun-

353 3693 450 3757 sitin
476 3694 517 3756 6:
541 3683 657 3771 έπιών,
681 3713 778 3775 συρτει
799 3715 825 3756 π
847 3691 933 3775 picto
957 3714 978 3754 κ
1001 3711 1060 3756 sec.
1083 3713 1132 3766 τυ,

265 3799 331 3864 580
354 3805 504 3883 κομῶσιν
528 3800 607 3864 iil-R
628 3821 686 3882 pro
709 3805 849 3882 κομῶσι,

267 3905 332 3971 630
355 3902 654 3992 ψευδατραφύξυος
677 3907 791 3970 Μ-ΑΘ
812 3927 871 3990 pro
894 3899 1205 3990 ψευδατραφάξυος,

264 4013 327 4079 631
353 4005 520 4080 ἀνέσπασε
544 4016 594 4079 M·
602 4013 714 4080 V-P-A
736 4035 794 4098 pro
817 4006 1015 4092 ἀνέσπασεν,

251 4280 271 4346 ¹)
289 4285 380 4334 ortum
399 4295 433 4334 ex
453 4279 632 4348 praecedenti
651 4277 861 4352 πρεσβυτέρων.

247 4367 267 4432 “)
284 4369 423 4439 χρυσίμω,
443 4388 459 4423 υ
478 4375 580 4438 puncto
599 4376 731 4436 notatum,
752 4371 782 4424 P.

247 4455 465 4529 Ι)καυσαριόισι
486 4461 516 4512 Α.
