3262 4926
339 375 380 438 ιε
773 411 817 421 -
866 375 949 458 μου]
998 411 1040 422 -

420 561 467 628 ite
481 561 515 626 in
530 560 715 629 Florentino
731 569 799 628 est:
1036 562 1070 629 in
1085 561 1300 628 Ambrosieno
1316 560 1385 626 ita:

339 658 608 746 τιῖινμίνᾶλλιον,
622 661 665 750 ἐφ
676 660 728 742 οἷς
740 661 809 731 ἐὰν
821 659 884 731 ἄν·
936 671 1003 732 τῶν
1017 664 1080 748 μὲν
1096 658 1207 730 ἄλλων
1222 657 1276 750 ἐφ’
1296 659 1353 739 οίς
1369 663 1439 729 lae.
1461 666 1504 728 19

341 772 571 852 θριοπίναις
584 767 727 850 (alterum
741 769 804 833 oin
816 787 881 834 ras.
935 767 1114 834 litterarum
1127 773 1187 832 τοῦ
1201 766 1221 830 δ
1229 766 1244 832 ὲ
1261 764 1427 832 πλούτου
1440 767 1503 830 καὶ

340 871 391 952 F1)
410 876 471 936 τοῦ
486 869 523 934 δὲ
538 867 690 936 πλούτου
708 871 765 936 καὶ
781 865 885 958 ἀρχῆς
937 863 1042 956 ἀρχῆς
1064 871 1119 934 καί
1135 869 1339 946 δυναστείας
1356 867 1504 934 πολλά-

340 974 397 1038 καὶ
413 972 612 1049 δυναστείας
627 970 792 1050 πολλάκις
806 971 885 1052 τοὺς
936 997 988 1050 κις
1018 970 1096 1050 τοὺς
1127 969 1275 1058 ἐχθροὺς
1303 977 1502 1056 συμβαίνει

340 1071 487 1160 εχθροὺς
508 1079 687 1158 συμβαίνει
708 1078 754 1159 (αι
767 1077 801 1142 in
816 1097 880 1144 ran.
937 1080 1096 1162 γίνεσθαι
1116 1077 1255 1158 (intereo
1273 1083 1306 1142 et
1329 1080 1365 1160 γί
1389 1075 1459 1142 litt.
1481 1101 1502 1141 ν

339 1179 389 1263 F1)
410 1181 570 1262 γίνεσθαι
584 1182 730 1264 κυρίους,
936 1180 1033 1262 eran.)
1053 1182 1198 1265 κυρίους,

340 1288 399 1368 τῆς
422 1281 458 1347 δὲ
480 1275 599 1368 ἆρετής
621 1282 678 1348 καί
700 1288 759 1369 τῆς
778 1279 874 1369 παρὰ
896 1291 967 1360 τοῖς
990 1278 1161 1370 πλήθεσιν
1176 1276 1312 1358 εὐνοίας
1336 1279 1422 1358 τοὺς
1444 1281 1500 1348 οἰ-

339 1390 451 1462 κείους
467 1383 609 1450 ἑκάστου
623 1386 855 1472 κληρονομεῖν.

426 1490 638 1562 Ambroeieno
649 1488 861 1576 archetypum
874 1488 1012 1575 exprimi
1028 1489 1145 1574 probat
1158 1489 1318 1573 particula
1333 1489 1384 1569 δὲ,
1404 1510 1496 1572 quae

341 1598 471 1677 propter
486 1593 678 1659 sententiam
700 1591 776 1658 femi
797 1593 918 1677 nequit,
944 1611 1003 1678 pro
1024 1615 1060 1658 τε
1081 1591 1286 1676 interpolata,
1313 1591 1403 1674 qnod
1418 1594 1496 1658 vol-

341 1701 419 1780 gata
448 1695 597 1762 eneeoio
627 1695 718 1762 enine
747 1695 930 1762 oonieotnra
960 1696 1112 1780 praeben
1146 1713 1224 1760 nem
1254 1695 1423 1779 particula
1456 1697 1494 1761 δὲ

341 1797 418 1880 quin
440 1804 514 1881 poet
534 1798 683 1864 lacunam
706 1797 835 1864 demum
854 1805 956 1864 ortam
970 1787 1082 1864 addita
1104 1797 1157 1882 eit,
1182 1797 1317 1864 dubium
1341 1818 1409 1864 non
1426 1809 1491 1865 eet.

342 1899 546 1986 Florentinuo
569 1919 640 1967 oum
664 1901 790 1986 etipse
813 1899 849 1966 δὲ
872 1921 929 1985 pro
952 1923 987 1966 τε
1011 1899 1140 1982 habeat,
1167 1900 1219 1966 vel
1243 1920 1282 1966 eo
1304 1901 1410 1967 verba
1430 1899 1495 1966 ἐὰν

342 1996 582 2088 ἀνθρωπίναις
603 2023 666 2068 non
688 2010 809 2070 temere
832 2004 946 2084 solnm,
979 2003 1036 2069 sed
1058 2003 1156 2069 etiam
1178 2002 1293 2070 insano
1316 2003 1416 2070 modo
1438 2005 1493 2069 in-

341 2112 432 2172 trusa
453 2123 526 2172 esse
549 2107 672 2190 probet.
720 2107 819 2172 Recte
849 2113 956 2174 autem
979 2105 1020 2172 H.
1038 2105 1175 2171 Wolfius
1196 2104 1350 2170 lacunam
1374 2107 1493 2190 exple-

341 2207 405 2290 vit,
446 2229 518 2274 enm
548 2208 714 2299 scriberet
735 2215 801 2276 τιῖιν
829 2208 893 2291 μὲν
918 2203 1039 2290 ἄλλων,
1075 2201 1127 2295 ἐφ’
1147 2204 1198 2284 οίς
1225 2205 1426 2296 (χαίρουσιν
1460 2209 1492 2274 oi

343 2309 497 2398 πολλοί,>
513 2317 574 2376 τοῦ
592 2334 628 2376 τε
648 2308 799 2376 πλούτου
820 2312 878 2376 καὶ
897 2304 1000 2398 ἀρχῆς
1022 2311 1080 2376 καί
1099 2310 1309 2392 δυναστείας,
1330 2311 1495 2378 suadente

341 2413 402 2480 hoo
424 2414 529 2499 ipsum
553 2420 585 2479 et
600 2433 801 2500 summopere
819 2413 1066 2481 commendante
1081 2412 1287 2480 Ambrosiani
1310 2413 1433 2480 laonna
1453 2418 1493 2478 19

341 2517 530 2584 litterarum.

428 2635 494 2701 Alii
516 2643 684 2720 praeterea
706 2636 770 2702 loci
790 2636 834 2717 id,
861 2635 947 2719 quod
963 2636 1098 2702 alterum
1121 2633 1224 2720 posui,
1251 2635 1393 2720 probant
1411 2657 1494 2703 oon-

343 2738 480 2806 traxisee
495 2739 697 2805 Ambrosiam
720 2740 885 2825 exemplar
906 2758 1008 2806 novae
1029 2739 1119 2806 labeo
1141 2745 1270 2824 praeter
1284 2745 1415 2804 veteres
1436 2759 1494 2804 nr-

344 2839 485 2924 ohetypi.

429 2944 466 3007 Ρ.
485 2945 771 3010 5701tss=1soon
790 2941 831 3009 de
847 2963 929 3029 paee
951 2945 968 3028 §
987 2946 1025 3007 12
1048 2943 1166 3028 legitur

486 3045 519 3110 in
540 3045 738 3113 Florentino:
1067 3047 1102 3112 in
1122 3045 1353 3114 Ambrosiano:

345 3141 419 3212 ἀλλ’
460 3145 602 3231 ἑτοίμοις
641 3147 778 3232 ἔχομεν,
823 3173 888 3234 μή·
940 3141 1017 3212 ἀλλ’
1051 3147 1193 3231 ἑτοίμους
1223 3146 1347 3231 ἔχομεν
1376 3147 1423 3237 μή
1454 3145 1490 3214 δ’

345 3249 413 3327 δείς
435 3247 473 3316 τὸ
497 3247 655 3337 πρόσθεν
676 3246 757 3338 ήμῖν
772 3245 889 3326 αὐτοῖς
940 3249 989 3327 είς
1014 3246 1052 3315 τὸ
1080 3248 1239 3337 πρόσθεν
1263 3244 1348 3338 ἡμῖν
1373 3246 1493 3330 αὐτοῖς

345 3350 606 3439 πράττοντες
632 3352 779 3440 τριήρεις
800 3354 888 3440 πλη·
940 3355 1002 3419 lae.
1015 3357 1139 3418 13-15
1155 3355 1217 3420 litt.
1236 3351 1387 3440 τριήρεις
1402 3357 1493 3443 πλή-

346 3463 438 3542 ροῖιν.
940 3463 1032 3544 ροῦν.

431 3560 467 3623 Ρ.
483 3560 766 3625 57411ss=leoen
793 3557 834 3623 de
856 3578 938 3644 paee
959 3560 1034 3643 §43
1057 3558 1158 3624 habes

489 3659 522 3726 in
538 3660 740 3727 Florentino:
1070 3661 1104 3726 in
1117 3661 1350 3728 Ambrosieno:

347 3765 380 3828 οἳ
414 3770 577 3830 τοσοῦτον
610 3757 890 3846 ἀπολελείμμεθα
943 3765 977 3829 οἳ
1007 3770 1172 3829 τοσοῦτον
1206 3756 1493 3848 ἀπολελείμμεθα

346 3866 489 3944 καὶτοῖς
508 3865 618 3952 ἔργοις
639 3867 697 3930 καὶ
719 3878 793 3942 ταῖς
817 3865 891 3932 δια·
942 3868 1084 3944 καὶτοῖς
1107 3865 1217 3950 ἔργοις
1238 3867 1297 3930 καί
1318 3880 1396 3944 ταῖς
1419 3869 1494 3932 δια-

345 3973 457 4046 νοίαις
492 3975 559 4035 τῶν
601 3980 794 4036 κατεκεῑνον
830 3965 891 4035 τὸν
940 3962 1213 4046 νοίαιςτιῦνκατ’
1229 3967 1396 4054 ἐκεῖνον’)
1414 3979 1418 4022 ¹
1436 3967 1495 4036 τὸν

347 4067 471 4157 χρόνον
481 4076 668 4156 γινομένων
680 4066 762 4138 ὅσον
777 4070 808 4136 οί
828 4071 892 4154 μὲν
942 4070 1066 4157 χρόνον
1080 4075 1273 4156 γενομένων
1285 4067 1372 4140 ὅσον
1388 4073 1420 4138 oi
1433 4073 1496 4156 μὲν

420 4279 435 4340 ¹]
458 4273 567 4331 ἰκτῖνον
578 4279 641 4340 τῶν,
662 4277 717 4332 del.
731 4280 788 4330 τῶν
805 4277 857 4331 ΜΙ.
