3304 4928
302 407 345 472 ea
736 447 778 458 -.
826 407 920 492 [aea]
967 447 1008 456 -

285 604 460 670 simillimo
492 605 669 671 doctrinam
701 627 789 670 suam
822 604 964 670 hausisse
996 605 1055 670 hoc
1086 604 1154 688 ipso
1187 603 1256 668 looo
1288 603 1446 679 docemur,

301 704 374 787 υἱὸς
396 702 581 790 Ἀσπασίας
608 711 699 778 nobis
727 712 885 789 uenditat‚
913 718 1018 777 temen
1046 711 1214 796 genuinam
1238 709 1304 775 sere
1327 709 1446 774 Suidao

210 815 214 822 ’
301 819 490 902 scripturam
513 825 672 886 seruatam
694 818 797 885 uideri
819 801 979 885 codicibus
998 818 1111 884 AVBE
1135 816 1185 882 υἱὲ
1203 811 1371 883 Ἀσπασία
1392 837 1445 881 su-

301 926 440 1009 spicatus
467 931 517 991 est
543 925 779 992 Studemundus
806 927 839 991 in
867 926 995 992 sobolis:
1027 923 1077 990 υἱὲ
1105 927 1189 991 euim
1216 925 1249 990 in
1275 923 1446 1008 archetypo

301 1031 417 1098 Suidae
441 1033 533 1098 lexici
555 1033 659 1098 uideri
683 1055 720 1099 eo
745 1033 890 1100 effectum
909 1055 985 1111 esse,
1008 1033 1093 1116 quod
1111 1055 1170 1118 pro
1189 1032 1320 1116 integris
1339 1030 1445 1096 uerbis

301 1141 421 1223 primae
441 1145 565 1206 tanturn
584 1140 710 1206 litterae
730 1129 758 1205 ci
776 1138 800 1206 ἐ.
821 1141 869 1229 (id
887 1146 936 1207 est
954 1129 983 1226 ᾦ
1003 1134 1167 1226 ἐγαμήθη)
1182 1141 1319 1223 scriptae
1333 1144 1444 1203 essent.

301 1247 362 1312 Hie
392 1269 459 1314 mos
492 1249 624 1314 notandi
651 1269 713 1313 non
742 1247 958 1333 perscribendi
985 1247 1085 1314 uerba
1111 1248 1186 1312 olim
1214 1247 1279 1312 lete
1306 1245 1445 1330 patuisse

301 1353 429 1420 uidetur
451 1362 484 1420 et
506 1357 591 1440 apud
615 1355 751 1422 Graecos
774 1356 960 1422 scholiastes
983 1361 1016 1421 et
1038 1355 1124 1439 apud
1145 1355 1313 1431 Romanos,
1336 1375 1445 1436 quam·

302 1483 396 1544 quam
427 1463 530 1526 adbuc
561 1461 623 1527 uiri
655 1463 741 1528 docti
773 1463 856 1529 huno
888 1484 1006 1529 morem
1033 1463 1166 1528 notandi
1193 1461 1292 1528 multo
1320 1461 1445 1545 saepius

301 1567 594 1636 animaduerterunt
620 1571 654 1635 in
681 1569 841 1638 codicibus
863 1569 987 1636 Latinis
1010 1591 1105 1654 quam
1126 1571 1160 1636 in
1183 1569 1319 1636 Graecis.

827 1807 847 1885 s
871 1802 922 1869 ae.

390 1959 490 2027 Venio
509 1963 550 2027 ad
570 1984 623 2028 cos
643 1965 737 2041 locos,
756 1963 869 2048 quibus
888 1965 1089 2048 utriusque
1108 1963 1277 2030 codicum
1296 1965 1447 2048 generis

301 2073 334 2134 et
357 2068 405 2133 ΙΨ
430 2075 462 2133 et
488 2068 570 2134 Vidi
594 2070 715 2136 scholia
737 2071 904 2137 coniuncte
927 2071 1011 2155 apud
1030 2070 1161 2136 Suidam
1183 2069 1341 2154 leguntur.
1379 2070 1448 2136 Mo-

302 2176 372 2239 nuit
391 2175 473 2240 enim
492 2177 556 2241 iam
574 2177 805 2262 Bernhardyus,
817 2180 842 2262 1)
866 2199 932 2242 νον
950 2178 1074 2242 minimi
1092 2198 1155 2241 ossa
1173 2179 1329 2256 cuonradi,
1350 2178 1448 2258 qrrod,

302 2303 384 2362 qaae
406 2284 536 2347 seorsim
560 2288 617 2347 ord
636 2284 668 2348 R
690 2289 833 2350 seruaret
852 2289 910 2348 oui
935 2285 972 2362 V,
991 2306 1029 2349 ea
1048 2285 1215 2365 confertim
1233 2283 1355 2348 Saidas
1367 2306 1448 2364 pro·

300 2389 387 2453 deret
404 2393 433 2452 ct
453 2391 557 2454 uerbis
574 2391 716 2456 traderet
734 2391 912 2456 uberrimis.
960 2391 1056 2457 Cuius
1079 2392 1204 2475 generis
1222 2411 1324 2475 pauca
1343 2411 1448 2457 exem-

301 2495 356 2580 pla
378 2495 431 2561 hic
452 2517 579 2580 ponem3
602 2499 690 2564 uelut
713 2499 754 2564 ad
778 2521 803 2562 v.
827 2499 883 2564 99:

302 2620 323 2685 S
343 2642 365 2685 s.
381 2621 421 2706 gl.
436 2618 645 2688 Καταπάσω·
852 2623 893 2689 R:
1243 2623 1312 2688 Ve:

302 2733 533 2794 καταποικιλῶ
565 2734 645 2816 πλη·
700 2735 932 2797 καταποικιλῶ
1244 2751 1304 2796 om.

302 2829 402 2920 peiore
476 2857 534 2903 om.
779 2829 783 2834 ’
844 2860 903 2904 om.
1100 2833 1284 2924 νληρώσω,
1316 2839 1449 2922 γεμίσω.

391 2959 441 3024 Ad
465 2981 491 3023 v.
517 2962 572 3026 10:

330 3065 351 3132 S
371 3088 395 3132 s.
413 3067 453 3150 gl.
478 3070 534 3132 Me
555 3076 613 3153 μῦ·
854 3071 895 3136 R:
1243 3071 1315 3135 VO:

1008 3207 1011 3212 ·
1097 3169 1342 3261 Ὁμοφονοῦσιν
1389 3167 1448 3260 ἄμ-

446 3301 505 3345 om.
1102 3281 1242 3370 φότεροι
1273 3278 1448 3367 μύζοντες·

1102 3399 1204 3456 τοῦτο
1221 3390 1256 3455 δὲ
1267 3383 1449 3476 ὡςθρηνη-

425 3489 493 3559 ἔστι
518 3494 553 3560 δὲ
577 3493 647 3581 iop—
674 3466 677 3571 i
846 3521 904 3565 om.
1103 3492 1212 3564 τικόν·
1238 3493 1307 3561 ἔστι
1325 3493 1361 3561 δὲ
1376 3493 1450 3578 'iop-

302 3605 360 3683 βος
393 3597 479 3686 ἔχων
515 3593 555 3668 τὸ
587 3603 648 3688 μὶν
675 3606 677 3638 ¹
1101 3611 1159 3687 βος
1193 3599 1278 3687 ἔχων
1315 3593 1353 3668 τὸ
1386 3600 1449 3687 μὲν

302 3715 442 3794 πρῶτον
468 3733 513 3794 μυ
535 3703 649 3796 βραχὺ,
1102 3720 1243 3800 πρῶτον
1265 3703 1378 3796 βραχὺ,
1408 3700 1448 3774 τὸ

303 3808 342 3882 τὸ
363 3816 398 3881 δὲ
418 3812 577 3901 δεύτερον
590 3841 649 3902 μα-
1103 3811 1448 3905 όὲδεύτερονμακρόν.

303 3919 528 4008 κρόν·’τοῦτο
549 3924 584 3989 δὲ
604 3917 650 4002 ὡς
675 3927 678 4007 i
1002 3919 1048 4004 ὡς

303 4036 519 4117 θρηνοῦντες.
676 4094 678 4103 ,
705 4039 920 4120 θρηνοῦντες.

304 4156 339 4220 in
372 4157 429 4220 Ve
457 4157 555 4238 igitur
581 4159 681 4224 uerba
708 4151 754 4236 ὡς
783 4151 989 4248 θρηνητικὸν
1017 4161 1062 4225 eis
1090 4158 1281 4242 respondent
1307 4175 1388 4240 quae
1415 4155 1451 4218 in

303 4264 339 4329 S*
362 4268 395 4330 et
419 4264 458 4327 ΙὶΘ
481 4267 630 4348 leguntur
653 4258 699 4344 ὡς
723 4271 938 4352 θρηνοῦντες.

305 4412 516 4420 -.---—-—-

379 4481 397 4545 ¹)
417 4479 578 4562 Commentt.
599 4479 632 4534 de
652 4478 752 4534 Suidao
772 4478 861 4532 lexico
881 4495 925 4548 pg.
945 4479 1005 4534 481.
