3258 4928
321 375 384 438 ιοι
682 351 712 467 s
756 407 799 422 .-
847 371 930 454 [aas]
977 404 1021 420 -

408 581 439 646 p.
460 563 551 626 occo
577 555 624 625 Τὸ
648 556 705 624 διὰ
727 557 840 647 πάσης
862 563 1000 644 κεραίας
1021 557 1137 646 διῑηκον
1159 551 1283 641 πικρὸν
1305 554 1362 620 καὶ
1382 577 1457 620 νοε-

320 662 393 752 ρόν.
450 663 602 730 Reiskius
638 663 835 744 „insolentia
866 662 1016 730 vocabuli
1051 657 1171 748 νοερόν
1203 657 1387 726 huiuamodi
1423 657 1457 724 iu

321 769 437 836 rebus*
468 773 642 834 commotos
665 764 819 854 σφοδρόν
847 766 1029 853 suspicatur
1053 765 1226 850 legendum
1248 782 1331 830 esse.
1378 760 1458 828 Dio-

322 871 435 958 nysius
458 871 491 936 ui
513 870 610 938 fallor
632 871 759 956 scripsit
786 869 825 935 τὸ
852 919 916 936 ...
941 864 1146 955 mespriorai
1173 863 1378 955 φοβερόνς
1412 864 1453 934 ci.

320 997 354 1061 p.
373 977 494 1042 48211ss
515 966 629 1062 ὑψηλὴ
652 973 689 1039 δὲ
711 975 769 1040 καί
790 970 1053 1060 μεγαλοπρεπὴς
1076 965 1137 1040 οὐκ
1159 969 1253 1038 ἔστιν
1279 963 1298 1057 ἡ
1320 971 1458 1036 Λυσίου

321 1078 411 1158 λέξις
437 1127 444 1141 .
466 1126 501 1142 ..
529 1069 608 1144 οὐδὲ
638 1075 676 1144 τὸ
705 1073 861 1162 πικρὸν
890 1071 910 1164 ἢ
938 1072 976 1143 τὸ
1006 1075 1119 1142 δεινὸν
1147 1068 1168 1162 ἢ
1197 1070 1236 1140 ud
1267 1068 1458 1160 φοβερὸν

307 1178 564 1267 ,ἀναφαίνουσα
613 1182 718 1246 icam
739 1209 781 1240 ==
804 1182 926 1248 8691sss
948 1177 1108 1266 χρώματα
1137 1171 1171 1244 δ’
1190 1171 1292 1264 αὐτῆς
1319 1177 1373 1260 (sc.
1399 1179 1458 1260 τῆς

324 1281 533 1350 Θουκυδίδου
563 1283 693 1366 λέξεως)
721 1279 759 1349 σό
789 1307 824 1348 σε
847 1280 1022 1370 στρυφνὸν
1042 1282 1100 1348 καὶ
1129 1277 1173 1346 τὸ
1204 1277 1365 1364 πικρὸν
1390 1327 1397 1342 .
1419 1327 1454 1342 ..

321 1386 378 1451 καί
400 1382 445 1450 τὸ
469 1382 669 1476 φοβερόν.

406 1563 439 1627 p.
459 1544 564 1607 coras
591 1539 632 1607 Oi
650 1541 714 1624 μὲν
730 1530 790 1607 οὖν
812 1547 870 1628 τῆς
891 1535 997 1628 ἀκμῆς
1013 1534 1119 1606 αὐτοῦ
1135 1536 1319 1626 φερόμενοι
1335 1539 1458 1624 ψευδε-

321 1650 492 1732 πίγραφοι
515 1643 563 1721 είς
586 1639 690 1711 αὐτὸν
720 1642 814 1730 λόχοι
836 1643 922 1710 εἰσίν
945 1641 1024 1728 οίδε,
1051 1641 1136 1728 μεεά
1158 1643 1195 1710 δὲ
1218 1640 1279 1732 τὴν
1302 1641 1337 1724 ίξ
1353 1637 1457 1730 Ἀθη-

319 1755 388 1816 νῶν
421 1747 469 1826 είς
490 1747 647 1814 Χαλκίδα
671 1743 882 1836 ἀναχώρησιν
915 1747 996 1814 οἵδε.
1044 1747 1229 1828 Orationes,
1266 1747 1307 1813 de
1341 1747 1457 1831 quibus

321 1852 496 1938 Dionysius
519 1851 613 1919 modo
628 1851 719 1933 dixit,
747 1859 822 1919 aute
844 1851 969 1919 virilem
987 1851 1142 1917 Dinarchi
1165 1857 1304 1918 oetatem
1326 1849 1457 1917 habitae

321 1964 406 2024 sunt.
461 1957 574 2041 Itaque
608 1961 665 2044 τῆς
700 1949 806 2044 ἀκμῆς
840 1976 904 2021 nou
938 1962 1025 2022 recte
1058 1955 1194 2040 legitur,
1235 1961 1266 2021 et
1298 1953 1458 2039 sagaciter

321 2059 474 2126 Reiskius
497 2055 721 2147 πρεσβύτεροι
751 2058 952 2126 intercidisse
979 2059 1160 2144 suspicatus
1184 2065 1233 2125 est
1255 2058 1391 2140 collatis,
1425 2057 1456 2122 ni

322 2164 433 2246 ialior,
467 2163 574 2229 verbis
598 2183 631 2248 p.
651 2165 742 2228 65658
772 2161 844 2227 ἔστι
872 2161 1038 2228 δὲταῦτα
1061 2158 1275 2247 πρεσβύτερα
1297 2168 1355 2248 τῆς
1377 2165 1458 2225 Δει-

320 2263 449 2356 νάρχου
471 2261 577 2354 ἀκμῆς
599 2267 651 2332 vei
673 2289 705 2352 p.
723 2269 814 2358 ddias
842 2262 1071 2350 πρεσβύτερός
1094 2263 1166 2330 ίστι
1187 2271 1246 2352 εἴης
1268 2261 1458 2352 Δεινάρχου

322 2365 440 2460 ἀκμῆς.
488 2368 613 2438 Deinde
636 2367 784 2454 Dionysii
807 2367 1002 2436 cousuetudo
1031 2387 1089 2453 pro
1117 2363 1300 2455 φερόμενοι
1325 2368 1459 2453 requirit

321 2469 582 2562 ἀναφερόμενοι,
609 2473 650 2539 cf.
670 2494 702 2559 p.
718 2477 795 2538 476⁷
818 2466 902 2540 ὅταν
917 2471 1071 2558 διαπορῶ
1086 2477 1167 2557 περί
1186 2495 1278 2550 τινος
1293 2479 1359 2538 τῶν
1374 2467 1457 2538 ἀνα-

321 2582 523 2666 φερομένων
544 2575 592 2654 είς
615 2570 719 2642 αὐτὸν
741 2573 860 2662 λόγων.
908 2579 1000 2641 urio
1023 2574 1171 2652 πολλοὺς
1193 2582 1260 2642 τῶν
1286 2569 1458 2662 ἀναφερο-

321 2686 434 2765 μίνιον
463 2679 511 2757 είς
541 2675 645 2747 αὐτὸν
674 2675 794 2766 λόγων.
842 2683 932 2745 4Ί9ιι
966 2681 1085 2745 ..καί
1111 2673 1216 2767 αὐτὴν
1243 2678 1291 2757 εἷς
1318 2685 1459 2746 Λυσίαν

321 2779 590 2871 ἀναφερομένην.
630 2783 777 2866 Denique
795 2802 853 2869 pro
871 2783 975 2869 priora
999 2781 1079 2866 ot'ds,
1106 2778 1190 2867 quod
1206 2790 1315 2849 contra
1328 2803 1456 2852 omnem

322 2887 439 2955 Graeci
461 2887 615 2954 sermonis
643 2887 797 2954 rationem
821 2886 989 2953 exhibetur
1019 2893 1051 2952 et
1079 2893 1191 2971 aperto
1219 2905 1259 2952 ex
1281 2886 1458 2972 posteriore

321 2990 507 3076 pronomina
522 2990 678 3074 originem
694 2988 794 3070 duxit,
822 2991 912 3074 legas
936 2980 1072 3072 οὗτοι,
1099 2989 1140 3054 os.
1159 3011 1188 3056 e.
1205 3010 1237 3073 g.
1254 3011 1287 3075 p.
1304 2993 1357 3056 781
1383 3015 1459 3077 φω-

319 3100 469 3182 νηέντων
490 3094 553 3178 μὲν
575 3084 636 3160 οὖν
665 3090 872 3180 γραμμάτων
902 3088 984 3181 αὕτη
1014 3087 1178 3182 ἡφύσις,
1214 3087 1398 3181 ἡμιφώνων
1420 3095 1458 3161 δὲ

321 3197 449 3269 τοιάδε.
495 3201 725 3284 891οπρὼυον
751 3197 815 3280 μὲν
844 3195 884 3284 δὴ
907 3193 1070 3283 θεώρημα
1093 3203 1192 3264 τοῦτο
1221 3204 1287 3264 τῶν
1317 3196 1353 3264 ίν
1382 3210 1458 3276 ταῖς

321 3305 506 3386 συλλαβαῖς
529 3307 667 3383 παθῶν,
693 3299 810 3386 ἕτερον
831 3300 868 3367 δὲ
891 3297 1034 3368 τοιόνδε.

407 3480 439 3545 p.
459 3461 565 3524 ddduss
588 3455 634 3522 ita
647 3456 798 3540 legerim:
825 3448 842 3520 ὃ
860 3454 896 3520 δὲ
913 3452 1000 3542 πρὸς
1015 3455 1184 3540 Περικλέα
1202 3455 1260 3519 καὶ
1275 3455 1459 3542 Δημοκρά-

320 3587 381 3650 την
400 3563 454 3646 (cc.
474 3559 573 3645 λόγος
596 3553 793 3647 ἀφαιρεῖται
809 3551 921 3642 αὐτοῦ)
945 3607 1002 3623 ...
1029 3555 1085 3623 διά
1107 3581 1141 3624 τε
1162 3557 1222 3624 τὸν
1242 3566 1454 3646 χαρακτῆρα·

319 3660 446 3753 ὑδαρής
458 3663 547 3753 (τε)
561 3661 623 3749 γὰρ
640 3663 697 3727 καί
712 3665 893 3745 κεχυμένος
908 3662 965 3726 καὶ
982 3657 1113 3746 ψυχρὸς
1130 3663 1213 3744 κτλ,
1239 3663 1280 3728 cl.
1300 3667 1459 3748 potans

321 3765 386 3834 ἀπ’
405 3762 510 3836 αὐτοῦ
532 3773 593 3833 τοῦ
615 3773 825 3854 χαρακτῆρος
852 3760 945 3850 εὕροι
974 3789 1024 3841 τις
1053 3759 1095 3831 ἀν
1117 3759 1176 3830 οὐκ
1201 3762 1282 3830 ὄντα
1310 3764 1369 3832 τὸν
1399 3765 1460 3832 λό-

322 3897 383 3958 χον
412 3869 621 3958 Δεινάρχου·
656 3865 782 3958 ὑδαρής
812 3893 847 3934 τε
877 3867 939 3955 γὰρ
969 3870 1027 3933 καί
1061 3862 1210 3957 ἀσθενὴς
1237 3871 1294 3934 καὶ
1325 3869 1460 3955 ψυχρός

321 3975 424 4043 ἐστιν.
478 3975 624 4042 Eandem
656 3973 846 4060 particulam
878 3996 914 4037 τε
947 3971 998 4038 his
1034 3979 1203 4057 praeterea
1239 3972 1317 4038 locis
1349 3971 1454 4039 addo:

320 4103 352 4166 p.
371 4083 463 4144 77312
487 4074 671 4158 διεξελθών
692 4099 727 4142 σε
751 4075 892 4162 πράξεις
910 4068 1156 4163 Ἑλλήνιον<τε>
1180 4076 1235 4139 καί
1257 4073 1453 4162 βαρβάρων,

319 4184 360 4249 cl.
386 4205 418 4268 p.
438 4184 530 4247 53612
558 4175 655 4246 ἄλλοι
683 4178 742 4257 τὰς
765 4176 879 4255 κοινὰς
909 4185 974 4243 τῶν
992 4167 1157 4265 Ἑλλήνων
1180 4201 1214 4243 σε
1243 4179 1299 4242 καί
1321 4177 1457 4264 βαρβά-

320 4307 389 4372 ρων
421 4281 561 4369 πράξεις
594 4278 804 4368 ἀνέγραψαν.
852 4283 943 4348 icco
974 4274 1056 4368 ἡτά
1078 4279 1264 4364 θαυμαστὰ
1286 4280 1367 4366 ἔργα
1391 4281 1455 4368 δη-
