3274 4938
615 419 834 483 ..49„

152 598 271 664 formas
289 599 322 661 in
341 599 444 662 altera
461 597 660 681 potissimum
677 598 869 682 pentametri
887 603 979 680 parte
993 597 1174 663 admittunt.
1204 599 1300 664 Cuius

152 707 198 770 rei
225 706 304 772 haec
332 704 451 772 contuli
478 704 634 788 exempla:
666 705 773 770 Mimo.
805 705 854 782 11,
888 707 908 768 6
936 705 1074 770 κείαται.
1118 705 1179 771 Sol.
1208 705 1242 782 4,
1272 707 1300 770 8.
1333 729 1340 744 ·
1381 683 1388 700 ⁸

152 811 291 896 Theogn.
320 803 544 898 1124111111.
582 811 720 896 Theogn.
748 812 810 876 152
835 810 983 894 θέμεναι.
1008 811 1074 876 544
1098 808 1210 895 δόμεν.
1235 812 1299 878 806

153 918 407 1004 φυλασσέμεναι.
427 918 493 982 924
513 915 635 1002 ἐχέμεν.
668 917 784 985 Simon.
801 917 832 984 Ο.
855 918 927 994 140,
945 919 967 982 4
985 913 1165 1004 προδόμεν.
1188 918 1260 994 142,
1280 919 1300 981 2

154 1018 347 1110 acciperat.

242 1311 318 1387 „list
341 1310 534 1394 Theognidis
561 1309 730 1394 farraginis
758 1310 936 1394 proprium,
964 1317 1000 1374 ut
1027 1309 1060 1374 in
1088 1331 1126 1374 ea
1152 1308 1302 1392 permulti

153 1439 261 1482 versus
284 1418 445 1502 legantur,
473 1418 527 1501 qui
550 1417 613 1482 toti
635 1424 692 1482 aut
715 1419 846 1500 partim,
868 1438 999 1500 prorsus
1023 1416 1135 1481 iisdem
1157 1413 1303 1480 aut'iere

154 1523 310 1588 similibus
329 1526 442 1600 verbis,
460 1524 510 1590 bis
528 1523 576 1588 vol
596 1523 720 1606 saepius
739 1529 936 1606 repetuntur.
966 1522 1237 1588 Verisimillimum
1255 1519 1304 1588 est

154 1631 236 1695 hanc
258 1631 402 1695 crebram
424 1632 646 1714 repetitionem
668 1631 743 1696 inde
761 1637 864 1695 ortam
884 1651 964 1708 esse,
988 1631 1073 1712 quod
1093 1638 1126 1695 et
1143 1630 1302 1714 Theognis

153 1745 186 1802 et
204 1737 382 1822 quicunque
399 1737 456 1802 alii
473 1742 588 1821 poetae
607 1758 645 1802 ex
664 1738 823 1820 indigesta
841 1737 923 1802 mole
937 1736 1177 1821 protrahuntur,
1195 1757 1304 1802 vocem

153 1845 201 1910 vel
225 1847 414 1910 sententiam
437 1844 576 1928 aliquam
594 1866 614 1908 a
633 1866 667 1910 se
685 1845 898 1926 excogitatam
917 1845 997 1908 adeo
1015 1843 1242 1920 adamaverint,
1268 1849 1303 1907 ut

154 1951 328 2017 identidem
347 1955 538 2018 uter·entur.“
567 1951 619 2016 Sic
637 1973 698 2016 van
712 1951 769 2015 der
784 1951 897 2035 Mey.²)
926 1951 1032 2026 Recte,
1051 1951 1106 2016 sed
1120 1950 1302 2016 addendum

104 2073 110 2078 “
154 2064 215 2135 ost,
243 2058 326 2142 quod
352 2058 388 2121 A.
411 2057 480 2142 R.¹)
508 2057 601 2124 dixit:
633 2057 723 2134 „Von
745 2056 863 2139 aniaug
887 2079 928 2121 au
951 2057 1028 2122 fand
1051 2057 1108 2122 das
1131 2056 1303 2123 alterthum

154 2165 188 2229 in
207 2165 326 2230 Homer
344 2164 512 2249 unziihlige
531 2163 906 2246 solbstwiederholungen
925 2164 990 2227 11111
1008 2186 1091 2228 zwar
1110 2162 1161 2228 bei
1180 2163 1303 2228 weitem

154 2272 243 2337 nicht
270 2294 330 2338 nur
358 2271 389 2335 in
419 2273 479 2337 den
508 2277 723 2356 sogenennten
747 2270 919 2336 stchenden
945 2269 1092 2352 epischen
1118 2290 1242 2346 versen,
1263 2307 1302 2317 —

154 2401 218 2444 was
246 2379 418 2445 theilweise
446 2379 526 2444 eben
554 2400 612 2443 aus
641 2380 698 2442 der
723 2377 981 2460 entstehungsart
1004 2378 1061 2442 der
1084 2364 1303 2441 homorisehen

154 2486 302 2569 godichte
325 2509 364 2552 zu
388 2485 533 2550 erkl'aren
553 2485 610 2561 ist;
635 2521 676 2532 -
697 2486 761 2549 11111
780 2505 844 2549 was
863 2485 919 2548 des
938 2483 1023 2548 ideal
1042 2484 1099 2548 dor
1117 2482 1305 2548 dichtkunst

155 2593 283 2668 darbot,
307 2598 425 2657 musste
449 2591 786 2675 nachehmungswerth
810 2592 905 2656 sein.“
941 2589 987 2656 Ut
1009 2591 1108 2672 igitur
1130 2590 1215 2672 apud
1239 2589 1304 2654 Ho-

154 2721 275 2765 merum
294 2699 327 2762 in
347 2696 408 2762 fine
428 2699 624 2780 potissimum
643 2697 829 2774 hexametri,
852 2698 898 2761 ita
917 2695 1001 2780 apud
1021 2696 1174 2780 elegiacos
1194 2705 1304 2780 poetas

155 2809 188 2871 iu
215 2807 319 2870 altera
340 2805 531 2890 pentametri
554 2809 647 2887 parte
670 2811 775 2868 certae
799 2803 953 2868 formulae
978 2804 1195 2880 inveniuntur,
1223 2825 1304 2888 quae

154 2913 280 2996 saepius
303 2919 336 2977 11
358 2911 442 2996 apud
461 2911 568 2994 plures
587 2917 697 2993 poetas
717 2915 912 2994 repetuntur.
950 2909 993 2974 Et
1011 2931 1121 2976 revera
1139 2910 1172 2974 in
1193 2917 1304 2993 penta·

155 3026 256 3084 metro
280 3020 381 3102 magis
405 3039 499 3101 quam
523 3017 555 3080 in
575 3017 759 3082 hexametro
777 3015 928 3082 struendo
947 3015 1031 3080 iuter
1051 3039 1083 3082 se
1103 3017 1305 3082 conseminat

155 3132 268 3210 poetae
291 3125 432 3210 elegiaci.
475 3123 556 3189 Nam
579 3123 756 3189 hexametri
779 3123 907 3206 quidem
930 3123 1015 3207 leges
1034 3123 1190 3187 Homerus
1214 3143 1305 3205 prae·

155 3233 342 3317 scripserat,
378 3232 467 3297 cuius
504 3230 681 3314 exemplum
713 3231 793 3295 alius
826 3252 865 3295 ex
897 3231 1000 3312 poetis
1032 3229 1180 3314 elegiacis
1212 3229 1306 3294 aliter

155 3340 362 3425 sequebatur3
391 3341 424 3404 in
451 3343 651 3422 pentametro
679 3343 785 3402 autem
809 3337 959 3402 struendo
982 3343 1109 3420 poetam
1133 3335 1306 3418 elegiacum

87 3433 90 3438 ¹
154 3447 361 3530 posteriorem
381 3447 539 3510 imitatum
558 3465 625 3510 esse
644 3444 800 3526 elegiacos
819 3445 941 3526 priores
959 3464 1023 3508 non
1042 3443 1142 3508 solum
1158 3465 1196 3506 ex
1212 3444 1306 3507 certis

156 3553 308 3630 formulis,
331 3573 412 3636 quae
436 3551 574 3616 omnium
597 3572 777 3616 communes
800 3557 883 3628 suut,
906 3551 963 3616 sed
986 3551 1082 3614 etiam
1106 3571 1123 3613 1
1147 3549 1306 3614 constanti

155 3659 327 3725 multorum
351 3656 519 3722 verborum
538 3657 744 3723 collocatione
763 3657 906 3742 intellegi
925 3657 1072 3741 potest.³)
1109 3655 1306 3740 Quamquam
1428 3657 1432 3663 ’

155 3767 235 3830 haec
266 3787 330 3830 non
362 3765 403 3830 ad
435 3765 540 3829 vivum
573 3764 745 3830 resecanda
775 3787 843 3830 esse
871 3787 888 3828 e
916 3769 1031 3829 natura
1056 3763 1173 3848 lyricae
1202 3761 1306 3847 poesis

156 3877 296 3956 apparet.
338 3870 463 3947 Restat,
486 3877 521 3936 ut
545 3893 625 3956 quae
650 3893 746 3956 supra
768 3871 904 3936 diximus
923 3870 1073 3954 exemplis
1098 3869 1306 3936 illustremus:

248 4107 267 4168 Ι)
285 4101 383 4158 Studia
402 4101 589 4170 Theognides,
610 4119 635 4171 p.
658 4105 698 4158 19.

246 4192 267 4250 ’l
287 4191 419 4260 Philolog.
440 4189 570 4260 anzeiger
589 4192 667 4256 1812,
687 4191 711 4246 4.
732 4191 799 4256 hest,
819 4209 845 4260 p,
866 4193 927 4246 200.

247 4281 267 4346 ⁸)
286 4281 365 4335 Hanc
376 4287 547 4336 constantem
563 4279 711 4334 multorum
723 4281 867 4335 verbomm
883 4279 1090 4336 collocationem
1105 4279 1129 4334 si
1139 4279 1305 4348 respexeris,

157 4369 274 4424 sortasse
298 4368 422 4423 nonnulli
446 4385 540 4424 versus
564 4369 591 4423 in
616 4369 752 4439 integrum
776 4369 886 4425 restitui
906 4375 1043 4438 poterunt.
1081 4369 1165 4424 Velut
1184 4369 1305 4437 Theogn.

158 4475 196 4512 vs.
221 4459 272 4514 172
300 4457 403 4528 legitur
432 4458 539 4530 γίνεται
569 4453 736 4528 ἀνθρώποις
764 4451 822 4513 οὔτ’
846 4452 933 4530 ἀγάθ’
958 4449 1024 4512 οὔτε
1052 4453 1136 4512 κακά.
1182 4457 1307 4528 Suspicio

1077 4551 1093 4602 4
