3272 4920
615 447 659 458 -
707 412 790 494 [ms]
838 448 882 460 -
1260 415 1320 480 rsa

179 597 335 664 nonnulla
348 597 587 681 interciderunt,
613 598 729 681 quibus
744 597 787 664 ad
802 598 1007 683 epidicticum
1023 599 1201 665 orationum
1217 619 1321 684 genus

180 698 355 786 Dionysius
378 700 515 768 transiit.
562 701 682 768 Locum
704 701 801 785 igitur
816 701 863 768 ita
878 701 945 768 fere
960 702 1083 787 expleri
1105 721 1201 786 posse
1222 709 1317 788 puto:

176 795 231 868 Ἐν
253 802 316 886 μὲν
338 799 377 892 δὴ
401 816 472 880 τοῖς
487 803 671 881 δικανικοῖς
690 800 804 888 λόγοις
819 801 1042 891 (τοιοῦτός
1064 827 1130 880 τις
1153 797 1171 870 δ
1196 797 1315 892 ἀνήρ·

181 903 225 971 ἓν
247 905 291 972 δὲ
321 917 413 984 τοῖς
437 905 771 995 ἐπιδεικτικοῖς)
794 905 1047 995 μαλακώτερος,
1080 901 1194 994 ὥσπερ
1217 906 1314 995 ἔφην,

178 1008 219 1073 cl.
239 1030 272 1093 p.
288 1013 394 1076 bibess
415 1015 578 1086 Τοιοῦτος
594 1009 658 1093 μὲν
680 1007 720 1097 δή
743 1033 794 1087 τις
811 1007 847 1076 ἒν
862 1021 933 1087 τοῖς
949 1011 1245 1094 συμβουλευτικοῖς
1261 1009 1319 1076 λό-

178 1134 251 1196 γοις
274 1105 291 1177 δ
317 1106 412 1200 ἀνήρ.
447 1111 484 1177 ἐν
505 1112 542 1178 δὲ
565 1124 637 1190 τοῖς
653 1112 837 1191 δικανικοῖς
859 1112 902 1178 τὰ
923 1113 987 1196 μὲν
1004 1109 1090 1179 ἀλλα
1114 1111 1207 1180 πάνυ
1225 1107 1320 1201 ἀκρι-

178 1210 241 1301 βίης
263 1215 321 1279 καλ
343 1207 520 1302 ἀληθινός.

717 1385 773 1451 IV.

529 1509 569 1560 In
586 1507 740 1560 iudicium
759 1507 797 1560 de
815 1509 963 1562 Isocrate.
1326 1495 1364 1551 ''-

265 1625 302 1691 P.
321 1631 428 1692 540ms
457 1623 600 1714 Ἀνάγκη
630 1624 931 1714 παραπληρώμασι
953 1628 1077 1706 λέξεων
1099 1621 1199 1694 οὐδὲν
1229 1621 1320 1716 ἀφε-

177 1730 308 1796 λουσῶν
333 1734 496 1818 χρῆσθαι.
544 1729 619 1796 Non
648 1750 688 1797 ea
716 1730 831 1814 verba,
864 1731 906 1796 ad
936 1751 1019 1815 quae
1048 1730 1115 1797 alia
1143 1731 1315 1814 adduntur,

176 1832 305 1900 inutilia
327 1840 411 1916 sunt,
438 1833 497 1902 sed
519 1853 722 1901 numerorum
745 1835 979 1920 complementa
1002 1834 1122 1902 futtilia
1141 1835 1319 1920 Dionysius

177 1936 310 2003 iudicat.
358 1938 447 2021 Lego
470 1931 596 2023 ἀνάγκη
621 1935 920 2024 παραπληρώμασι
942 1937 1067 2017 λέξειαν
1090 1931 1189 2004 οὐδὲν
1211 1932 1319 2027 ὠφε-

178 2040 332 2105 λοῦσιν
353 2045 515 2126 χρῐγσθαι,
542 2040 583 2105 cf.
609 2061 642 2125 p.
662 2042 732 2104 lssrs
755 2044 806 2118 τίς
829 2034 888 2106 οὐκ
913 2035 955 2107 ἀν
977 2044 1062 2127 φαίη
1086 2039 1320 2128 παραπληρώ-

176 2165 258 2224 ματι
273 2141 395 2220 λέξεως
412 2136 471 2208 οάκ
489 2136 660 2227 ἀναγκαίῳ
676 2146 970 2230 πρυσηρανίσθαις
993 2147 1119 2208 ῖθλλιιε
1134 2144 1320 2230 παραπλη-

178 2242 310 2330 ρώμασι
325 2251 390 2310 τών
406 2239 585 2326 ὀνομάτων
607 2239 667 2310 οὐκ
684 2238 880 2330 ἀναγκαίοις
905 2295 912 2308 .
934 2295 940 2307 .
962 2297 968 2310 .
994 2249 1183 2332 χρωμένας.
1228 2249 1318 2312 libas

177 2345 395 2434 προσθήκαις
428 2348 516 2413 τισίν
549 2341 727 2431 ὀνομάτων
760 2398 767 2412 .
797 2399 802 2412 .
832 2399 838 2412 .
873 2347 979 2435 μηδὲν
1013 2341 1226 2435 ὠφελούσαις
1259 2346 1319 2415 τὸν

177 2458 259 2517 νοῦν
287 2455 453 2537 χρωμένη.
504 2454 629 2516 roseas
665 2447 777 2516 πολλὰ
811 2448 951 2516 τοιαῦτά
983 2448 1055 2516 ίστι
1084 2449 1319 2538 παραπληρώ-

176 2577 268 2637 ματα
305 2547 388 2619 καδ’
415 2551 558 2641 ἑκάστην
588 2546 704 2638 ὀλίγου
737 2552 808 2619 δεῖν
841 2553 1006 2639 περίοδον
1039 2547 1098 2620 οάκ
1130 2546 1318 2639 ἀναγκαίαν

178 2656 299 2738 ἔχοντα
321 2655 446 2743 χώραν.

262 2781 295 2844 p.
315 2764 422 2826 bllass
453 2762 491 2826 In
515 2760 632 2846 Lysiae
654 2779 725 2826 cum
755 2761 896 2827 Isocrate
927 2761 1164 2845 comparatione
1193 2761 1318 2847 Diony-

176 2862 244 2928 sius
267 2860 361 2929 huius
384 2863 598 2946 eloquentiam
616 2861 763 2948 Polycliti
786 2871 819 2929 et
840 2862 975 2930 Phidiae
998 2863 1059 2928 arti
1082 2863 1220 2930 similem
1243 2882 1316 2929 esse

177 2964 254 3031 dicit
281 2973 413 3050 propter
441 2966 671 3032 sublimitatem
702 2971 734 3032 et
762 2965 981 3048 maiestatem,
1013 2966 1102 3032 illius
1133 2965 1317 3032 facundiam

176 3088 248 3133 cnm
272 3067 448 3135 Calamidis
477 3076 510 3135 et
532 3067 722 3136 Callimachi
751 3069 902 3155 operibus
931 3069 1157 3136 conserendam
1188 3077 1318 3154 propter

176 3170 391 3237 urbanitatem
422 3177 453 3236 et
476 3171 685 3238 suavitatem:
719 3165 833 3256 ὥσπερ
865 3169 928 3258 γὰρ
960 3169 1097 3236 ἐκείνων
1127 3169 1159 3236 ol
1188 3171 1252 3253 μὲν
1282 3169 1319 3236 ίν

176 3287 247 3351 τοῖς
270 3271 426 3340 ἐλάττοσι
454 3276 512 3340 καλ
542 3269 778 3361 ἀνθρωπικοῖς
808 3272 919 3360 ἔργοις
949 3274 1035 3340 εἰσίν
1066 3272 1318 3360 ἐπιτυχέστεροι

177 3385 243 3442 τών
265 3376 398 3464 ἑτέρων,
426 3375 458 3444 ολ
481 3372 511 3444 δ’
531 3375 567 3444 ἒν
589 3389 660 3456 τοῖς
682 3377 815 3462 μείζοσι
837 3379 894 3442 καλ
911 3381 1099 3463 θειοτέροις
1114 3375 1313 3464 δεξιώτεροι,

176 3475 263 3546 οὕτω
287 3482 345 3545 καλ
366 3488 433 3548 τών
455 3479 608 3569 ῥητόρων
631 3475 648 3547 δ
672 3482 735 3564 μὲν
758 3479 795 3547 ἐν
817 3494 887 3558 τοῖς
909 3493 1043 3568 μικροῖς
1071 3479 1143 3545 ἐστι
1165 3477 1317 3568 σοφώτε-

177 3605 244 3666 ρος,
272 3576 290 3647 δ
314 3577 346 3648 δ’
366 3582 403 3650 ἐν
425 3597 496 3661 τοῖς
518 3581 678 3668 μεγάλοις
700 3581 948 3671 περιττότερος.
989 3583 1096 3650 Verba
1111 3589 1177 3650 τῶν
1193 3581 1318 3669 ἑτέρων

176 3684 317 3770 genuina
338 3705 402 3751 non
425 3707 497 3753 esse
520 3687 605 3753 duae
628 3706 746 3756 causae
762 3687 907 3772 probant.
948 3687 1088 3753 Primum
1105 3687 1190 3752 euim
1205 3687 1318 3771 inepta

176 3787 335 3854 sententia
357 3795 407 3854 est
438 3789 498 3867 „Hi
521 3788 555 3854 in
577 3789 752 3856 minoribus
768 3789 963 3856 dexteriores
979 3795 1052 3855 sunt
1074 3807 1191 3871 qnam
1214 3788 1313 3873 illi“,

177 3911 249 3957 oum
271 3891 347 3974 quid
371 3892 402 3958 ei
423 3891 486 3978 ipsi
508 3890 549 3975 (οἱ
566 3891 683 3978 ἕτεροι)
710 3893 872 3978 proprium
889 3891 1039 3975 habeant,
1061 3891 1200 3958 secundo
1216 3911 1318 3958 mern-

177 3995 234 4062 bro
268 3993 387 4061 diserte
421 3995 609 4080 explicetur.
665 3995 790 4062 Deinde
825 3997 1036 4063 membrorum
1071 3995 1318 4062 accuratissima

176 4097 343 4183 responsio
372 4099 473 4165 verba
500 4104 565 4164 τῶν
588 4095 712 4184 ἑτέρων
740 4098 850 4183 spuria
879 4117 952 4165 esse
981 4097 1105 4180 arguit;
1138 4118 1214 4163 nam
1243 4118 1316 4164 cum

178 4205 328 4283 quattuor
348 4201 493 4268 membra
515 4199 589 4282 sint,
616 4219 750 4282 quorum
765 4201 842 4266 bina
856 4200 941 4266 binis
957 4199 1203 4285 comparationis
1219 4221 1319 4267 causa

183 4295 306 4390 (ὥσπερ
332 4341 368 4352 -
395 4298 511 4386 οὕτως)
539 4310 750 4390 opponuntur,
778 4310 810 4370 et
830 4302 865 4368 in
894 4305 988 4369 trium
1019 4303 1230 4370 membrorum
1253 4304 1318 4372 fine
