<?xml version="1.0" encoding="UTF-8"?>
<!DOCTYPE html PUBLIC "-//W3C//DTD XHTML 1.0 Transitional//EN"
    "http://www.w3.org/TR/xhtml1/DTD/xhtml1-transitional.dtd">
<html xmlns="http://www.w3.org/1999/xhtml" xml:lang="en" lang="en">
 <head>
  <title>
</title>
<meta http-equiv="Content-Type" content="text/html;charset=utf-8" />
  <meta name='ocr-system' content='tesseract 3.04.00' />
  <meta name='ocr-capabilities' content='ocr_page ocr_carea ocr_par ocr_line ocrx_word'/>
</head>
<body>
  <div class='ocr_page' id='page_1' title='image "./dissertationesp01stragoog_0700.png"; bbox 0 0 3258 4928; ppageno 0'>
   <div class='ocr_carea' id='block_1_1' title="bbox 594 394 1297 476">
    <p class='ocr_par' dir='ltr' id='par_1_1' title="bbox 594 394 1297 476">
     <span class='ocr_line' id='line_1_1' title="bbox 594 394 1297 476; baseline 0.004 -19"><span class='ocrx_word' id='word_1_1' title='bbox 594 431 637 441; x_wconf 90' lang='grc'><strong>-</strong></span> <span class='ocrx_word' id='word_1_2' title='bbox 685 394 769 476; x_wconf 80' lang='lat' dir='ltr'>[arr]</span> <span class='ocrx_word' id='word_1_3' title='bbox 816 429 859 439; x_wconf 92' lang='lat'>-</span> <span class='ocrx_word' id='word_1_4' title='bbox 1234 397 1297 460; x_wconf 80' lang='grc' dir='ltr'>ωε</span> 
     </span>
    </p>
   </div>
   <div class='ocr_carea' id='block_1_2' title="bbox 160 574 1298 1495">
    <p class='ocr_par' dir='ltr' id='par_1_2' title="bbox 161 574 1298 877">
     <span class='ocr_line' id='line_1_2' title="bbox 161 574 1293 671; baseline 0 -21"><span class='ocrx_word' id='word_1_5' title='bbox 161 581 404 671; x_wconf 70' lang='grc' dir='ltr'><strong><em>Ἀριστοτέλης.</em></strong></span> <span class='ocrx_word' id='word_1_6' title='bbox 445 583 659 650; x_wconf 88' lang='lat' dir='ltr'>Librariorum</span> <span class='ocrx_word' id='word_1_7' title='bbox 677 601 813 650; x_wconf 86' lang='lat' dir='ltr'>errorem</span> <span class='ocrx_word' id='word_1_8' title='bbox 833 581 929 648; x_wconf 87' lang='lat' dir='ltr'>tollas</span> <span class='ocrx_word' id='word_1_9' title='bbox 950 574 1053 668; x_wconf 77' lang='grc' dir='ltr'><strong><em>μήθ’</em></strong></span> <span class='ocrx_word' id='word_1_10' title='bbox 1072 577 1124 648; x_wconf 77' lang='grc' dir='ltr'>ὅτι</span> <span class='ocrx_word' id='word_1_11' title='bbox 1139 617 1181 632; x_wconf 81' lang='lat'>—-</span> <span class='ocrx_word' id='word_1_12' title='bbox 1196 578 1293 671; x_wconf 74' lang='grc' dir='ltr'>μήθ’</span> 
     </span>
     <span class='ocr_line' id='line_1_3' title="bbox 161 679 1298 772; baseline 0.002 -20"><span class='ocrx_word' id='word_1_13' title='bbox 161 681 215 752; x_wconf 78' lang='grc' dir='ltr'>ὅτι</span> <span class='ocrx_word' id='word_1_14' title='bbox 244 687 440 766; x_wconf 83' lang='lat' dir='ltr'>rescribens;</span> <span class='ocrx_word' id='word_1_15' title='bbox 473 685 513 754; x_wconf 81' lang='lat' dir='ltr'>cs.</span> <span class='ocrx_word' id='word_1_16' title='bbox 540 708 572 772; x_wconf 91' lang='lat' dir='ltr'>p.</span> <span class='ocrx_word' id='word_1_17' title='bbox 591 689 668 752; x_wconf 73' lang='lat'>577³</span> <span class='ocrx_word' id='word_1_18' title='bbox 697 687 755 750; x_wconf 84' lang='grc' dir='ltr'><strong><em>καί</em></strong></span> <span class='ocrx_word' id='word_1_19' title='bbox 785 679 854 750; x_wconf 72' lang='grc' dir='ltr'><strong><em>οὔτ’</em></strong></span> <span class='ocrx_word' id='word_1_20' title='bbox 875 682 1097 772; x_wconf 65' lang='grc' dir='ltr'><strong><em>Ἀριστοτέλει</em></strong></span> <span class='ocrx_word' id='word_1_21' title='bbox 1125 691 1298 770; x_wconf 72' lang='grc' dir='ltr'><strong><em>πείθομαι</em></strong></span> 
     </span>
     <span class='ocr_line' id='line_1_4' title="bbox 163 783 954 877; baseline -0.001 -24"><span class='ocrx_word' id='word_1_22' title='bbox 163 839 196 855; x_wconf 93' lang='grc'>..</span> <span class='ocrx_word' id='word_1_23' title='bbox 220 841 226 856; x_wconf 95' lang='grc'><strong><em>.</em></strong></span> <span class='ocrx_word' id='word_1_24' title='bbox 252 810 368 856; x_wconf 74' lang='lat' dir='ltr'>verua</span> <span class='ocrx_word' id='word_1_25' title='bbox 392 784 463 856; x_wconf 79' lang='grc' dir='ltr'><strong><em>οὔτ’</em></strong></span> <span class='ocrx_word' id='word_1_26' title='bbox 481 783 625 877; x_wconf 83' lang='grc' dir='ltr'><strong><em>Ἀφαρεῖ</em></strong></span> <span class='ocrx_word' id='word_1_27' title='bbox 649 841 656 857; x_wconf 96' lang='grc'><strong><em>.</em></strong></span> <span class='ocrx_word' id='word_1_28' title='bbox 678 841 684 854; x_wconf 95' lang='grc'><strong><em>.</em></strong></span> <span class='ocrx_word' id='word_1_29' title='bbox 706 839 713 854; x_wconf 99' lang='grc'><strong><em>.</em></strong></span> <span class='ocrx_word' id='word_1_30' title='bbox 739 792 954 872; x_wconf 74' lang='grc' dir='ltr'><strong><em>συντίθεμαι.</em></strong></span> 
     </span>
    </p>

    <p class='ocr_par' dir='ltr' id='par_1_3' title="bbox 160 890 1298 1495">
     <span class='ocr_line' id='line_1_5' title="bbox 245 890 1297 981; baseline 0.002 -23"><span class='ocrx_word' id='word_1_31' title='bbox 245 915 278 980; x_wconf 88' lang='lat' dir='ltr'>p.</span> <span class='ocrx_word' id='word_1_32' title='bbox 297 896 417 960; x_wconf 71' lang='lat' dir='ltr'>sttrrss</span> <span class='ocrx_word' id='word_1_33' title='bbox 442 891 488 958; x_wconf 87' lang='grc' dir='ltr'>Τὸ</span> <span class='ocrx_word' id='word_1_34' title='bbox 514 901 625 980; x_wconf 76' lang='grc' dir='ltr'><strong><em>σχῆμα</em></strong></span> <span class='ocrx_word' id='word_1_35' title='bbox 647 901 705 981; x_wconf 72' lang='grc' dir='ltr'><strong><em>τῆς</em></strong></span> <span class='ocrx_word' id='word_1_36' title='bbox 727 893 849 972; x_wconf 86' lang='grc' dir='ltr'><strong><em>λέξεως</em></strong></span> <span class='ocrx_word' id='word_1_37' title='bbox 870 891 906 958; x_wconf 75' lang='grc' dir='ltr'>ἐκ</span> <span class='ocrx_word' id='word_1_38' title='bbox 922 899 987 960; x_wconf 84' lang='grc' dir='ltr'>τῶν</span> <span class='ocrx_word' id='word_1_39' title='bbox 1003 890 1234 960; x_wconf 73' lang='grc' dir='ltr'><strong><em>ἐπιδεικτικῶν</em></strong></span> <span class='ocrx_word' id='word_1_40' title='bbox 1248 894 1297 960; x_wconf 83' lang='grc' dir='ltr'>εί·</span> 
     </span>
     <span class='ocr_line' id='line_1_6' title="bbox 160 985 1297 1084; baseline 0.003 -23"><span class='ocrx_word' id='word_1_41' title='bbox 160 997 288 1083; x_wconf 75' lang='grc' dir='ltr'><strong><em>λρπται</em></strong></span> <span class='ocrx_word' id='word_1_42' title='bbox 309 994 533 1082; x_wconf 72' lang='grc' dir='ltr'><strong><em>παρισώσεων</em></strong></span> <span class='ocrx_word' id='word_1_43' title='bbox 555 998 612 1061; x_wconf 85' lang='grc' dir='ltr'><strong><em>καί</em></strong></span> <span class='ocrx_word' id='word_1_44' title='bbox 633 994 911 1084; x_wconf 86' lang='grc' dir='ltr'><strong><em>παρομοιώσεων.</em></strong></span> <span class='ocrx_word' id='word_1_45' title='bbox 941 995 979 1062; x_wconf 85' lang='grc' dir='ltr'><strong><em>τό</em></strong></span> <span class='ocrx_word' id='word_1_46' title='bbox 1002 1019 1039 1082; x_wconf 72' lang='grc' dir='ltr'>με</span> <span class='ocrx_word' id='word_1_47' title='bbox 1062 985 1123 1064; x_wconf 80' lang='grc' dir='ltr'><strong><em>οὖν</em></strong></span> <span class='ocrx_word' id='word_1_48' title='bbox 1147 996 1297 1081; x_wconf 58' lang='grc' dir='ltr'><strong><em>»ἐπιχει-</em></strong></span> 
     </span>
     <span class='ocr_line' id='line_1_7' title="bbox 162 1098 1296 1188; baseline 0.002 -24"><span class='ocrx_word' id='word_1_49' title='bbox 162 1103 277 1186; x_wconf 78' lang='grc' dir='ltr'><strong><em>ροίην“</em></strong></span> <span class='ocrx_word' id='word_1_50' title='bbox 302 1101 359 1165; x_wconf 91' lang='grc' dir='ltr'><strong><em>καὶ</em></strong></span> <span class='ocrx_word' id='word_1_51' title='bbox 383 1104 614 1188; x_wconf 56' lang='grc' dir='ltr'>ἦτραποίμηνιε</span> <span class='ocrx_word' id='word_1_52' title='bbox 640 1101 696 1165; x_wconf 83' lang='grc' dir='ltr'><strong><em>καί</em></strong></span> <span class='ocrx_word' id='word_1_53' title='bbox 720 1100 1023 1186; x_wconf 67' lang='grc' dir='ltr'>,,εἰσπλευσοίμηνιι</span> <span class='ocrx_word' id='word_1_54' title='bbox 1053 1099 1089 1166; x_wconf 74' lang='grc' dir='ltr'><strong><em>ἐν</em></strong></span> <span class='ocrx_word' id='word_1_55' title='bbox 1112 1098 1162 1166; x_wconf 79' lang='grc' dir='ltr'><strong><em>ἑνί</em></strong></span> <span class='ocrx_word' id='word_1_56' title='bbox 1183 1105 1296 1188; x_wconf 82' lang='grc' dir='ltr'><strong><em>χωρίῳ</em></strong></span> 
     </span>
     <span class='ocr_line' id='line_1_8' title="bbox 160 1198 1298 1293; baseline 0.002 -25"><span class='ocrx_word' id='word_1_57' title='bbox 160 1207 297 1286; x_wconf 90' lang='grc' dir='ltr'><strong><em>κείμενα</em></strong></span> <span class='ocrx_word' id='word_1_58' title='bbox 313 1204 370 1269; x_wconf 85' lang='grc' dir='ltr'><strong><em>καί</em></strong></span> <span class='ocrx_word' id='word_1_59' title='bbox 385 1210 452 1272; x_wconf 81' lang='grc' dir='ltr'>τῶν</span> <span class='ocrx_word' id='word_1_60' title='bbox 467 1201 582 1270; x_wconf 86' lang='grc' dir='ltr'><strong><em>κώλων</em></strong></span> <span class='ocrx_word' id='word_1_61' title='bbox 597 1211 698 1290; x_wconf 79' lang='grc' dir='ltr'><strong><em>τριῶν</em></strong></span> <span class='ocrx_word' id='word_1_62' title='bbox 713 1198 821 1271; x_wconf 77' lang='grc' dir='ltr'><strong><em>ὄντων</em></strong></span> <span class='ocrx_word' id='word_1_63' title='bbox 836 1201 873 1270; x_wconf 84' lang='grc' dir='ltr'><strong><em>τὸ</em></strong></span> <span class='ocrx_word' id='word_1_64' title='bbox 890 1203 962 1286; x_wconf 84' lang='grc' dir='ltr'><strong><em>μὲν</em></strong></span> <span class='ocrx_word' id='word_1_65' title='bbox 975 1209 1081 1292; x_wconf 75' lang='grc' dir='ltr'><strong><em>μῆκος</em></strong></span> <span class='ocrx_word' id='word_1_66' title='bbox 1095 1203 1171 1272; x_wconf 84' lang='grc' dir='ltr'><strong><em>ἰ’συν</em></strong></span> <span class='ocrx_word' id='word_1_67' title='bbox 1185 1199 1298 1293; x_wconf 81' lang='grc' dir='ltr'><strong><em>ὑπάρ-</em></strong></span> 
     </span>
     <span class='ocr_line' id='line_1_9' title="bbox 160 1301 1297 1395; baseline 0.004 -24"><span class='ocrx_word' id='word_1_68' title='bbox 160 1329 223 1389; x_wconf 89' lang='grc' dir='ltr'><strong><em>χον</em></strong></span> <span class='ocrx_word' id='word_1_69' title='bbox 245 1303 407 1394; x_wconf 80' lang='grc' dir='ltr'><strong><em>τεκμήρια</em></strong></span> <span class='ocrx_word' id='word_1_70' title='bbox 430 1314 489 1394; x_wconf 71' lang='grc' dir='ltr'><strong><em>τῆς</em></strong></span> <span class='ocrx_word' id='word_1_71' title='bbox 508 1301 721 1395; x_wconf 83' lang='grc' dir='ltr'><strong><em>Ἰσοκράτους</em></strong></span> <span class='ocrx_word' id='word_1_72' title='bbox 743 1312 950 1394; x_wconf 77' lang='grc' dir='ltr'><strong><em>κατασκευῆς</em></strong></span> <span class='ocrx_word' id='word_1_73' title='bbox 973 1305 1054 1372; x_wconf 78' lang='grc' dir='ltr'><strong><em>ἐστι.</em></strong></span> <span class='ocrx_word' id='word_1_74' title='bbox 1101 1308 1297 1375; x_wconf 84' lang='lat' dir='ltr'>Particulam</span> 
     </span>
     <span class='ocr_line' id='line_1_10' title="bbox 161 1408 1059 1495; baseline -0.003 -20"><span class='ocrx_word' id='word_1_75' title='bbox 161 1414 233 1494; x_wconf 82' lang='grc' dir='ltr'><strong><em>μέν,</em></strong></span> <span class='ocrx_word' id='word_1_76' title='bbox 261 1409 337 1493; x_wconf 90' lang='lat' dir='ltr'>quia</span> <span class='ocrx_word' id='word_1_77' title='bbox 360 1408 397 1475; x_wconf 79' lang='grc' dir='ltr'>δέ</span> <span class='ocrx_word' id='word_1_78' title='bbox 418 1430 481 1476; x_wconf 92' lang='lat' dir='ltr'>non</span> <span class='ocrx_word' id='word_1_79' title='bbox 505 1412 655 1495; x_wconf 85' lang='lat' dir='ltr'>seqnitur,</span> <span class='ocrx_word' id='word_1_80' title='bbox 683 1411 825 1495; x_wconf 87' lang='lat' dir='ltr'>spuriam</span> <span class='ocrx_word' id='word_1_81' title='bbox 847 1429 920 1477; x_wconf 88' lang='lat' dir='ltr'>esse</span> <span class='ocrx_word' id='word_1_82' title='bbox 942 1409 1059 1476; x_wconf 90' lang='lat' dir='ltr'>iudico.</span> 
     </span>
    </p>
   </div>
   <div class='ocr_carea' id='block_1_3' title="bbox 538 1617 923 1792">
    <p class='ocr_par' dir='ltr' id='par_1_4' title="bbox 538 1617 923 1792">
     <span class='ocr_line' id='line_1_11' title="bbox 707 1617 746 1682; baseline -0.026 0"><span class='ocrx_word' id='word_1_83' title='bbox 707 1617 746 1682; x_wconf 85' lang='lat' dir='ltr'>V.</span> 
     </span>
     <span class='ocr_line' id='line_1_12' title="bbox 538 1738 923 1792; baseline -0.003 -1"><span class='ocrx_word' id='word_1_84' title='bbox 538 1739 578 1791; x_wconf 85' lang='lat' dir='ltr'>In</span> <span class='ocrx_word' id='word_1_85' title='bbox 595 1738 749 1792; x_wconf 72' lang='lat' dir='ltr'>tucidum</span> <span class='ocrx_word' id='word_1_86' title='bbox 768 1739 805 1791; x_wconf 79' lang='lat' dir='ltr'>de</span> <span class='ocrx_word' id='word_1_87' title='bbox 823 1740 923 1792; x_wconf 69' lang='lat' dir='ltr'>Iuno.</span> 
     </span>
    </p>
   </div>
   <div class='ocr_carea' id='block_1_4' title="bbox 103 1853 1301 2459">
    <p class='ocr_par' dir='ltr' id='par_1_5' title="bbox 103 1853 1301 2459">
     <span class='ocr_line' id='line_1_13' title="bbox 249 1853 1299 1948; baseline 0.002 -26"><span class='ocrx_word' id='word_1_88' title='bbox 249 1857 285 1922; x_wconf 88' lang='lat' dir='ltr'>P.</span> <span class='ocrx_word' id='word_1_89' title='bbox 304 1859 411 1924; x_wconf 82' lang='lat' dir='ltr'>5871ss</span> <span class='ocrx_word' id='word_1_90' title='bbox 436 1863 466 1923; x_wconf 88' lang='grc' dir='ltr'><strong><em>Γ</em></strong></span> <span class='ocrx_word' id='word_1_91' title='bbox 464 1864 606 1936; x_wconf 83' lang='grc' dir='ltr'><strong><em>ενέσεως</em></strong></span> <span class='ocrx_word' id='word_1_92' title='bbox 628 1859 664 1926; x_wconf 77' lang='grc' dir='ltr'>δὲ</span> <span class='ocrx_word' id='word_1_93' title='bbox 687 1859 745 1924; x_wconf 85' lang='grc' dir='ltr'><strong><em>καί</em></strong></span> <span class='ocrx_word' id='word_1_94' title='bbox 766 1857 920 1946; x_wconf 75' lang='grc' dir='ltr'><strong><em>τελευτῆς</em></strong></span> <span class='ocrx_word' id='word_1_95' title='bbox 943 1865 1004 1924; x_wconf 76' lang='grc' dir='ltr'><strong><em>τοῦ</em></strong></span> <span class='ocrx_word' id='word_1_96' title='bbox 1022 1853 1163 1946; x_wconf 85' lang='grc' dir='ltr'><strong><em>ῥήτορος</em></strong></span> <span class='ocrx_word' id='word_1_97' title='bbox 1179 1853 1299 1948; x_wconf 75' lang='grc' dir='ltr'><strong><em>ἀκριβῆ</em></strong></span> 
     </span>
     <span class='ocr_line' id='line_1_14' title="bbox 162 1955 1299 2049; baseline 0.004 -25"><span class='ocrx_word' id='word_1_98' title='bbox 162 1956 287 2046; x_wconf 83' lang='grc' dir='ltr'><strong><em>χρόνον</em></strong></span> <span class='ocrx_word' id='word_1_99' title='bbox 309 1959 420 2027; x_wconf 80' lang='grc' dir='ltr'><strong><em>εἰπεῖν</em></strong></span> <span class='ocrx_word' id='word_1_100' title='bbox 442 1956 501 2028; x_wconf 80' lang='grc' dir='ltr'>οὐκ</span> <span class='ocrx_word' id='word_1_101' title='bbox 524 1961 601 2045; x_wconf 70' lang='grc' dir='ltr'>ἔχω,</span> <span class='ocrx_word' id='word_1_102' title='bbox 628 1956 706 2028; x_wconf 78' lang='grc' dir='ltr'><strong><em>οὐδὲ</em></strong></span> <span class='ocrx_word' id='word_1_103' title='bbox 729 1959 769 2049; x_wconf 74' lang='grc' dir='ltr'>δὴ</span> <span class='ocrx_word' id='word_1_104' title='bbox 793 1962 873 2046; x_wconf 85' lang='grc' dir='ltr'><strong><em>περί</em></strong></span> <span class='ocrx_word' id='word_1_105' title='bbox 896 1965 956 2026; x_wconf 81' lang='grc' dir='ltr'><strong><em>τοῦ</em></strong></span> <span class='ocrx_word' id='word_1_106' title='bbox 974 1963 1053 2043; x_wconf 76' lang='grc' dir='ltr'><strong><em>βίου</em></strong></span> <span class='ocrx_word' id='word_1_107' title='bbox 1068 1955 1210 2047; x_wconf 81' lang='grc' dir='ltr'><strong><em>τάνδρὸς</em></strong></span> <span class='ocrx_word' id='word_1_108' title='bbox 1227 1959 1299 2040; x_wconf 77' lang='grc' dir='ltr'><strong><em>οἶός</em></strong></span> 
     </span>
     <span class='ocr_line' id='line_1_15' title="bbox 164 2050 1299 2151; baseline 0.005 -27"><span class='ocrx_word' id='word_1_109' title='bbox 164 2083 215 2136; x_wconf 90' lang='grc' dir='ltr'>τις</span> <span class='ocrx_word' id='word_1_110' title='bbox 239 2050 286 2147; x_wconf 77' lang='grc' dir='ltr'><strong><em>ἦν,</em></strong></span> <span class='ocrx_word' id='word_1_111' title='bbox 322 2058 400 2129; x_wconf 80' lang='grc' dir='ltr'>οὐδὲ</span> <span class='ocrx_word' id='word_1_112' title='bbox 422 2063 502 2149; x_wconf 83' lang='grc' dir='ltr'><strong><em>περὶ</em></strong></span> <span class='ocrx_word' id='word_1_113' title='bbox 525 2071 583 2151; x_wconf 75' lang='grc' dir='ltr'><strong><em>τῆς</em></strong></span> <span class='ocrx_word' id='word_1_114' title='bbox 598 2069 830 2151; x_wconf 84' lang='grc' dir='ltr'><strong><em>προαιρέσεως</em></strong></span> <span class='ocrx_word' id='word_1_115' title='bbox 845 2071 912 2130; x_wconf 85' lang='grc' dir='ltr'>τῶν</span> <span class='ocrx_word' id='word_1_116' title='bbox 927 2061 1193 2147; x_wconf 84' lang='grc' dir='ltr'><strong><em>πολιτευμάτων,</em></strong></span> <span class='ocrx_word' id='word_1_117' title='bbox 1221 2059 1299 2131; x_wconf 74' lang='grc' dir='ltr'>οὐδὲ</span> 
     </span>
     <span class='ocr_line' id='line_1_16' title="bbox 163 2157 1300 2254; baseline 0.007 -28"><span class='ocrx_word' id='word_1_118' title='bbox 163 2157 270 2248; x_wconf 71' lang='grc' dir='ltr'><strong><em>ἀρχὴν</em></strong></span> <span class='ocrx_word' id='word_1_119' title='bbox 292 2164 322 2230; x_wconf 88' lang='grc' dir='ltr'>εί</span> <span class='ocrx_word' id='word_1_120' title='bbox 343 2163 520 2250; x_wconf 88' lang='grc' dir='ltr'><strong><em>προείλετό</em></strong></span> <span class='ocrx_word' id='word_1_121' title='bbox 544 2189 620 2233; x_wconf 88' lang='grc' dir='ltr'><strong><em>τινα</em></strong></span> <span class='ocrx_word' id='word_1_122' title='bbox 642 2162 662 2254; x_wconf 82' lang='grc' dir='ltr'><em>ἢ</em></span> <span class='ocrx_word' id='word_1_123' title='bbox 684 2168 876 2248; x_wconf 81' lang='grc' dir='ltr'><strong><em>πολιτείαν,</em></strong></span> <span class='ocrx_word' id='word_1_124' title='bbox 908 2159 984 2232; x_wconf 77' lang='lat' dir='ltr'>odo’</span> <span class='ocrx_word' id='word_1_125' title='bbox 1008 2161 1095 2242; x_wconf 77' lang='grc' dir='ltr'><strong><em>ὅλως</em></strong></span> <span class='ocrx_word' id='word_1_126' title='bbox 1124 2167 1205 2252; x_wconf 82' lang='grc' dir='ltr'><strong><em>περὶ</em></strong></span> <span class='ocrx_word' id='word_1_127' title='bbox 1233 2173 1300 2234; x_wconf 83' lang='grc' dir='ltr'>τῶν</span> 
     </span>
     <span class='ocr_line' id='line_1_17' title="bbox 162 2263 1301 2356; baseline 0.006 -27"><span class='ocrx_word' id='word_1_128' title='bbox 162 2263 327 2334; x_wconf 86' lang='grc' dir='ltr'><strong><em>τοιούτων</em></strong></span> <span class='ocrx_word' id='word_1_129' title='bbox 353 2263 490 2346; x_wconf 78' lang='grc' dir='ltr'><strong><em>οὐδενὸς</em></strong></span> <span class='ocrx_word' id='word_1_130' title='bbox 518 2265 575 2334; x_wconf 80' lang='grc' dir='ltr'><strong><em>διὰ</em></strong></span> <span class='ocrx_word' id='word_1_131' title='bbox 601 2265 640 2336; x_wconf 88' lang='grc' dir='ltr'><strong><em>τὸ</em></strong></span> <span class='ocrx_word' id='word_1_132' title='bbox 669 2269 816 2356; x_wconf 78' lang='grc' dir='ltr'><strong><em>μηδεμιᾷ</em></strong></span> <span class='ocrx_word' id='word_1_133' title='bbox 827 2273 845 2353; x_wconf 85' lang='grc' dir='ltr'>ι)</span> <span class='ocrx_word' id='word_1_134' title='bbox 873 2265 1011 2353; x_wconf 81' lang='grc' dir='ltr'><strong><em>τοιαύτῃ</em></strong></span> <span class='ocrx_word' id='word_1_135' title='bbox 1040 2265 1301 2356; x_wconf 78' lang='grc' dir='ltr'><strong><em>περιτυγχάνειν</em></strong></span> 
     </span>
     <span class='ocr_line' id='line_1_18' title="bbox 103 2365 1299 2459; baseline 0.007 -26"><span class='ocrx_word' id='word_1_136' title='bbox 103 2401 107 2410; x_wconf 93' lang='lat'>·</span> <span class='ocrx_word' id='word_1_137' title='bbox 164 2366 307 2456; x_wconf 80' lang='grc' dir='ltr'><strong><em>ἱστορίᾳ.</em></strong></span> <span class='ocrx_word' id='word_1_138' title='bbox 355 2371 545 2457; x_wconf 84' lang='lat' dir='ltr'>Sylburgius</span> <span class='ocrx_word' id='word_1_139' title='bbox 568 2373 602 2438; x_wconf 91' lang='lat' dir='ltr'>in</span> <span class='ocrx_word' id='word_1_140' title='bbox 624 2373 731 2440; x_wconf 82' lang='lat' dir='ltr'>verbis</span> <span class='ocrx_word' id='word_1_141' title='bbox 753 2367 831 2438; x_wconf 80' lang='grc' dir='ltr'><strong><em>οὐδὲ</em></strong></span> <span class='ocrx_word' id='word_1_142' title='bbox 855 2365 961 2459; x_wconf 77' lang='grc' dir='ltr'><strong><em>ἀρχὴν</em></strong></span> <span class='ocrx_word' id='word_1_143' title='bbox 982 2409 1023 2422; x_wconf 90' lang='lat'><em>-</em></span> <span class='ocrx_word' id='word_1_144' title='bbox 1045 2373 1223 2440; x_wconf 87' lang='grc' dir='ltr'><strong><em>πολιτείαν</em></strong></span> <span class='ocrx_word' id='word_1_145' title='bbox 1237 2373 1299 2440; x_wconf 83' lang='lat' dir='ltr'>ati-</span> 
     </span>
    </p>
   </div>
   <div class='ocr_carea' id='block_1_5' title="bbox 163 2467 1334 3080">
    <p class='ocr_par' dir='ltr' id='par_1_6' title="bbox 163 2467 1334 3080">
     <span class='ocr_line' id='line_1_19' title="bbox 164 2467 1298 2564; baseline 0.004 -26"><span class='ocrx_word' id='word_1_146' title='bbox 164 2491 225 2556; x_wconf 86' lang='lat' dir='ltr'>quo</span> <span class='ocrx_word' id='word_1_147' title='bbox 248 2473 342 2542; x_wconf 92' lang='lat' dir='ltr'>modo</span> <span class='ocrx_word' id='word_1_148' title='bbox 366 2475 532 2542; x_wconf 83' lang='lat' dir='ltr'>offendens</span> <span class='ocrx_word' id='word_1_149' title='bbox 555 2477 716 2561; x_wconf 88' lang='lat' dir='ltr'>particula</span> <span class='ocrx_word' id='word_1_150' title='bbox 738 2472 758 2564; x_wconf 80' lang='grc' dir='ltr'><em>ἤ</em></span> <span class='ocrx_word' id='word_1_151' title='bbox 784 2483 945 2563; x_wconf 85' lang='lat' dir='ltr'>expuncta</span> <span class='ocrx_word' id='word_1_152' title='bbox 973 2467 1052 2542; x_wconf 74' lang='grc' dir='ltr'>οὐδὲ</span> <span class='ocrx_word' id='word_1_153' title='bbox 1080 2469 1187 2564; x_wconf 78' lang='grc' dir='ltr'><strong><em>ἀρχήν</em></strong></span> <span class='ocrx_word' id='word_1_154' title='bbox 1212 2475 1298 2543; x_wconf 87' lang='lat' dir='ltr'>idem</span> 
     </span>
     <span class='ocr_line' id='line_1_20' title="bbox 163 2579 1332 2662; baseline 0.005 -21"><span class='ocrx_word' id='word_1_155' title='bbox 163 2595 236 2644; x_wconf 87' lang='lat' dir='ltr'>esse</span> <span class='ocrx_word' id='word_1_156' title='bbox 258 2579 327 2644; x_wconf 88' lang='lat' dir='ltr'>vuit</span> <span class='ocrx_word' id='word_1_157' title='bbox 348 2585 446 2662; x_wconf 87' lang='lat' dir='ltr'>atque</span> <span class='ocrx_word' id='word_1_158' title='bbox 470 2599 548 2660; x_wconf 86' lang='lat' dir='ltr'>„uec</span> <span class='ocrx_word' id='word_1_159' title='bbox 571 2581 735 2656; x_wconf 85' lang='lat' dir='ltr'>omnino“;</span> <span class='ocrx_word' id='word_1_160' title='bbox 760 2579 819 2647; x_wconf 90' lang='lat' dir='ltr'>sed</span> <span class='ocrx_word' id='word_1_161' title='bbox 832 2586 868 2645; x_wconf 93' lang='lat' dir='ltr'>ut</span> <span class='ocrx_word' id='word_1_162' title='bbox 883 2579 963 2646; x_wconf 84' lang='lat' dir='ltr'><strong>nihil</strong></span> <span class='ocrx_word' id='word_1_163' title='bbox 977 2579 1083 2647; x_wconf 84' lang='lat' dir='ltr'>dicam</span> <span class='ocrx_word' id='word_1_164' title='bbox 1100 2580 1140 2647; x_wconf 94' lang='lat' dir='ltr'>de</span> <span class='ocrx_word' id='word_1_165' title='bbox 1155 2581 1188 2646; x_wconf 87' lang='lat' dir='ltr'>vi</span> <span class='ocrx_word' id='word_1_166' title='bbox 1203 2580 1299 2648; x_wconf 89' lang='lat' dir='ltr'>huius</span> <span class='ocrx_word' id='word_1_167' title='bbox 1328 2579 1332 2588; x_wconf 89' lang='lat'>&#39;</span> 
     </span>
     <span class='ocr_line' id='line_1_21' title="bbox 164 2677 1300 2770; baseline 0.004 -24"><span class='ocrx_word' id='word_1_168' title='bbox 164 2681 243 2762; x_wconf 87' lang='lat' dir='ltr'>coli,</span> <span class='ocrx_word' id='word_1_169' title='bbox 269 2703 351 2766; x_wconf 87' lang='lat' dir='ltr'>qnae</span> <span class='ocrx_word' id='word_1_170' title='bbox 373 2691 502 2768; x_wconf 89' lang='lat' dir='ltr'>propter</span> <span class='ocrx_word' id='word_1_171' title='bbox 527 2683 699 2768; x_wconf 86' lang='lat' dir='ltr'>insequens</span> <span class='ocrx_word' id='word_1_172' title='bbox 723 2677 797 2750; x_wconf 77' lang='grc' dir='ltr'>οὐδ’</span> <span class='ocrx_word' id='word_1_173' title='bbox 823 2677 909 2760; x_wconf 78' lang='grc' dir='ltr'><strong><em>ὅλως</em></strong></span> <span class='ocrx_word' id='word_1_174' title='bbox 937 2685 1029 2768; x_wconf 77' lang='lat' dir='ltr'>nulla</span> <span class='ocrx_word' id='word_1_175' title='bbox 1056 2690 1123 2766; x_wconf 83' lang='lat' dir='ltr'>eet,</span> <span class='ocrx_word' id='word_1_176' title='bbox 1141 2691 1197 2750; x_wconf 87' lang='lat' dir='ltr'>&#39;ea</span> <span class='ocrx_word' id='word_1_177' title='bbox 1226 2684 1300 2770; x_wconf 86' lang='lat' dir='ltr'>ipsa</span> 
     </span>
     <span class='ocr_line' id='line_1_22' title="bbox 163 2779 1334 2874; baseline 0.007 -26"><span class='ocrx_word' id='word_1_178' title='bbox 163 2783 331 2850; x_wconf 87' lang='lat' dir='ltr'>verborum</span> <span class='ocrx_word' id='word_1_179' title='bbox 363 2780 441 2852; x_wconf 80' lang='grc' dir='ltr'>οὐδὲ</span> <span class='ocrx_word' id='word_1_180' title='bbox 475 2779 583 2874; x_wconf 82' lang='grc' dir='ltr'><strong><em>ἀρχήν</em></strong></span> <span class='ocrx_word' id='word_1_181' title='bbox 616 2785 809 2872; x_wconf 84' lang='lat' dir='ltr'>significatio</span> <span class='ocrx_word' id='word_1_182' title='bbox 843 2807 864 2853; x_wconf 88' lang='lat' dir='ltr'>a</span> <span class='ocrx_word' id='word_1_183' title='bbox 892 2785 1041 2871; x_wconf 86' lang='lat' dir='ltr'>Dionysii</span> <span class='ocrx_word' id='word_1_184' title='bbox 1071 2787 1299 2855; x_wconf 84' lang='lat' dir='ltr'>consuetudine</span> <span class='ocrx_word' id='word_1_185' title='bbox 1332 2851 1334 2856; x_wconf 89' lang='lat'><em>.</em></span> 
     </span>
     <span class='ocr_line' id='line_1_23' title="bbox 164 2883 1300 2977; baseline 0.004 -26"><span class='ocrx_word' id='word_1_186' title='bbox 164 2886 260 2970; x_wconf 87' lang='lat' dir='ltr'>plane</span> <span class='ocrx_word' id='word_1_187' title='bbox 282 2887 390 2956; x_wconf 89' lang='lat' dir='ltr'>aliena</span> <span class='ocrx_word' id='word_1_188' title='bbox 420 2896 480 2955; x_wconf 88' lang='lat' dir='ltr'>est.</span> <span class='ocrx_word' id='word_1_189' title='bbox 527 2891 638 2974; x_wconf 89' lang='lat' dir='ltr'>Itaque</span> <span class='ocrx_word' id='word_1_190' title='bbox 668 2888 709 2956; x_wconf 92' lang='lat' dir='ltr'>de</span> <span class='ocrx_word' id='word_1_191' title='bbox 734 2891 863 2974; x_wconf 85' lang='lat' dir='ltr'>integro</span> <span class='ocrx_word' id='word_1_192' title='bbox 889 2891 997 2977; x_wconf 86' lang='lat' dir='ltr'>potina</span> <span class='ocrx_word' id='word_1_193' title='bbox 1026 2891 1191 2957; x_wconf 89' lang='lat' dir='ltr'>enuntiato</span> <span class='ocrx_word' id='word_1_194' title='bbox 1221 2883 1300 2957; x_wconf 76' lang='grc' dir='ltr'>οὐδὲ</span> 
     </span>
     <span class='ocr_line' id='line_1_24' title="bbox 165 2983 1063 3080; baseline 0.007 -28"><span class='ocrx_word' id='word_1_195' title='bbox 165 2983 271 3076; x_wconf 77' lang='grc' dir='ltr'><strong><em>ἀρχὴν</em></strong></span> <span class='ocrx_word' id='word_1_196' title='bbox 294 2989 324 3056; x_wconf 88' lang='grc' dir='ltr'>εί</span> <span class='ocrx_word' id='word_1_197' title='bbox 346 2990 522 3077; x_wconf 83' lang='grc' dir='ltr'><strong><em>προείλετό</em></strong></span> <span class='ocrx_word' id='word_1_198' title='bbox 547 3015 623 3060; x_wconf 91' lang='grc' dir='ltr'><strong><em>τινα</em></strong></span> <span class='ocrx_word' id='word_1_199' title='bbox 646 2987 665 3080; x_wconf 83' lang='grc' dir='ltr'><em>ἢ</em></span> <span class='ocrx_word' id='word_1_200' title='bbox 688 2994 865 3059; x_wconf 87' lang='grc' dir='ltr'><strong><em>πολιτείαν</em></strong></span> <span class='ocrx_word' id='word_1_201' title='bbox 886 2991 1063 3060; x_wconf 69' lang='lat' dir='ltr'>videamus</span> 
     </span>
    </p>
   </div>
   <div class='ocr_carea' id='block_1_6' title="bbox 164 3091 1301 3904">
    <p class='ocr_par' dir='ltr' id='par_1_7' title="bbox 164 3091 1301 3904">
     <span class='ocr_line' id='line_1_25' title="bbox 250 3091 1300 3181; baseline 0.003 -22"><span class='ocrx_word' id='word_1_202' title='bbox 250 3092 331 3159; x_wconf 82' lang='lat' dir='ltr'>Cum</span> <span class='ocrx_word' id='word_1_203' title='bbox 353 3102 501 3180; x_wconf 90' lang='lat' dir='ltr'>quattuor</span> <span class='ocrx_word' id='word_1_204' title='bbox 523 3096 587 3162; x_wconf 87' lang='lat' dir='ltr'>sint</span> <span class='ocrx_word' id='word_1_205' title='bbox 609 3098 680 3162; x_wconf 85' lang='lat' dir='ltr'>cola</span> <span class='ocrx_word' id='word_1_206' title='bbox 702 3097 743 3162; x_wconf 83' lang='lat' dir='ltr'>ab</span> <span class='ocrx_word' id='word_1_207' title='bbox 767 3091 845 3162; x_wconf 77' lang='grc' dir='ltr'><strong><em>οὐδὲ</em></strong></span> <span class='ocrx_word' id='word_1_208' title='bbox 866 3097 1021 3162; x_wconf 84' lang='lat' dir='ltr'>vocabulo</span> <span class='ocrx_word' id='word_1_209' title='bbox 1050 3095 1255 3181; x_wconf 78' lang='lat' dir='ltr'>incipientia,</span> <span class='ocrx_word' id='word_1_210' title='bbox 1281 3115 1300 3162; x_wconf 92' lang='lat' dir='ltr'>e</span> 
     </span>
     <span class='ocr_line' id='line_1_26' title="bbox 165 3195 1300 3283; baseline 0.003 -22"><span class='ocrx_word' id='word_1_211' title='bbox 165 3195 314 3282; x_wconf 82' lang='lat' dir='ltr'>Dionysii</span> <span class='ocrx_word' id='word_1_212' title='bbox 337 3198 370 3264; x_wconf 93' lang='lat' dir='ltr'>in</span> <span class='ocrx_word' id='word_1_213' title='bbox 393 3199 566 3265; x_wconf 83' lang='lat' dir='ltr'>enuntiatis</span> <span class='ocrx_word' id='word_1_214' title='bbox 590 3198 750 3266; x_wconf 82' lang='lat' dir='ltr'>struendis</span> <span class='ocrx_word' id='word_1_215' title='bbox 773 3197 1002 3282; x_wconf 76' lang='lat' dir='ltr'>aequabilitate</span> <span class='ocrx_word' id='word_1_216' title='bbox 1029 3218 1087 3283; x_wconf 91' lang='lat' dir='ltr'>pro</span> <span class='ocrx_word' id='word_1_217' title='bbox 1115 3205 1203 3264; x_wconf 91' lang='lat' dir='ltr'>certo</span> <span class='ocrx_word' id='word_1_218' title='bbox 1232 3197 1300 3264; x_wconf 86' lang='lat' dir='ltr'>fere</span> 
     </span>
     <span class='ocr_line' id='line_1_27' title="bbox 164 3299 1301 3387; baseline 0.001 -22"><span class='ocrx_word' id='word_1_219' title='bbox 164 3299 330 3367; x_wconf 85' lang='lat' dir='ltr'>habuerim</span> <span class='ocrx_word' id='word_1_220' title='bbox 353 3321 424 3368; x_wconf 91' lang='lat' dir='ltr'>eum</span> <span class='ocrx_word' id='word_1_221' title='bbox 446 3301 481 3368; x_wconf 91' lang='lat' dir='ltr'>iu</span> <span class='ocrx_word' id='word_1_222' title='bbox 503 3303 597 3370; x_wconf 89' lang='lat' dir='ltr'>tertio</span> <span class='ocrx_word' id='word_1_223' title='bbox 612 3322 735 3387; x_wconf 87' lang='lat' dir='ltr'>quoque</span> <span class='ocrx_word' id='word_1_224' title='bbox 754 3301 823 3368; x_wconf 91' lang='lat' dir='ltr'>eolo</span> <span class='ocrx_word' id='word_1_225' title='bbox 847 3301 1080 3367; x_wconf 87' lang='lat' dir='ltr'>substantivum</span> <span class='ocrx_word' id='word_1_226' title='bbox 1104 3321 1144 3367; x_wconf 85' lang='lat' dir='ltr'>ex</span> <span class='ocrx_word' id='word_1_227' title='bbox 1160 3320 1301 3385; x_wconf 89' lang='lat' dir='ltr'>praepo-</span> 
     </span>
     <span class='ocr_line' id='line_1_28' title="bbox 165 3396 1301 3492; baseline 0.001 -24"><span class='ocrx_word' id='word_1_228' title='bbox 165 3403 281 3471; x_wconf 87' lang='lat' dir='ltr'>sitione</span> <span class='ocrx_word' id='word_1_229' title='bbox 303 3409 384 3492; x_wconf 84' lang='grc' dir='ltr'><strong><em>περί</em></strong></span> <span class='ocrx_word' id='word_1_230' title='bbox 405 3406 562 3490; x_wconf 88' lang='lat' dir='ltr'>pendens,</span> <span class='ocrx_word' id='word_1_231' title='bbox 591 3425 654 3472; x_wconf 91' lang='lat' dir='ltr'>non</span> <span class='ocrx_word' id='word_1_232' title='bbox 676 3405 834 3490; x_wconf 87' lang='lat' dir='ltr'>integrum</span> <span class='ocrx_word' id='word_1_233' title='bbox 857 3405 1056 3471; x_wconf 88' lang='lat' dir='ltr'>enuntiatum</span> <span class='ocrx_word' id='word_1_234' title='bbox 1084 3397 1171 3490; x_wconf 77' lang='grc' dir='ltr'><strong><em>(οὐδὲ</em></strong></span> <span class='ocrx_word' id='word_1_235' title='bbox 1195 3396 1301 3490; x_wconf 77' lang='grc' dir='ltr'><strong><em>ἀρχὴν</em></strong></span> 
     </span>
     <span class='ocr_line' id='line_1_29' title="bbox 165 3505 1301 3598; baseline -0.001 -26"><span class='ocrx_word' id='word_1_236' title='bbox 165 3505 196 3572; x_wconf 87' lang='grc' dir='ltr'>εί</span> <span class='ocrx_word' id='word_1_237' title='bbox 218 3507 395 3594; x_wconf 87' lang='grc' dir='ltr'><strong><em>προείλετό</em></strong></span> <span class='ocrx_word' id='word_1_238' title='bbox 418 3532 494 3575; x_wconf 90' lang='grc' dir='ltr'><strong><em>τινα</em></strong></span> <span class='ocrx_word' id='word_1_239' title='bbox 516 3505 537 3598; x_wconf 80' lang='grc' dir='ltr'><em>ἢ</em></span> <span class='ocrx_word' id='word_1_240' title='bbox 559 3510 744 3594; x_wconf 82' lang='grc' dir='ltr'><strong><em>πολιτείαν)</em></strong></span> <span class='ocrx_word' id='word_1_241' title='bbox 766 3509 958 3595; x_wconf 85' lang='lat' dir='ltr'>scripturum</span> <span class='ocrx_word' id='word_1_242' title='bbox 981 3505 1094 3582; x_wconf 73' lang='lat' dir='ltr'>fuisse,</span> <span class='ocrx_word' id='word_1_243' title='bbox 1120 3527 1192 3572; x_wconf 89' lang='lat' dir='ltr'>cum</span> <span class='ocrx_word' id='word_1_244' title='bbox 1206 3526 1301 3593; x_wconf 82' lang='lat' dir='ltr'>prae-</span> 
     </span>
     <span class='ocr_line' id='line_1_30' title="bbox 166 3607 1301 3695; baseline -0.002 -18"><span class='ocrx_word' id='word_1_245' title='bbox 166 3613 275 3677; x_wconf 86' lang='lat' dir='ltr'>sertim</span> <span class='ocrx_word' id='word_1_246' title='bbox 300 3612 358 3679; x_wconf 90' lang='lat' dir='ltr'>hoc</span> <span class='ocrx_word' id='word_1_247' title='bbox 380 3614 472 3680; x_wconf 89' lang='lat' dir='ltr'>colon</span> <span class='ocrx_word' id='word_1_248' title='bbox 494 3633 558 3680; x_wconf 91' lang='lat' dir='ltr'>uon</span> <span class='ocrx_word' id='word_1_249' title='bbox 573 3613 721 3680; x_wconf 90' lang='lat' dir='ltr'>ultimum</span> <span class='ocrx_word' id='word_1_250' title='bbox 744 3613 849 3679; x_wconf 91' lang='lat' dir='ltr'>locum</span> <span class='ocrx_word' id='word_1_251' title='bbox 871 3617 989 3678; x_wconf 89' lang='lat' dir='ltr'>teneat.</span> <span class='ocrx_word' id='word_1_252' title='bbox 1028 3609 1079 3675; x_wconf 81' lang='lat' dir='ltr'>Ad</span> <span class='ocrx_word' id='word_1_253' title='bbox 1093 3607 1177 3676; x_wconf 86' lang='lat' dir='ltr'>hanc</span> <span class='ocrx_word' id='word_1_254' title='bbox 1193 3609 1301 3695; x_wconf 85' lang='lat' dir='ltr'>auspi-</span> 
     </span>
     <span class='ocr_line' id='line_1_31' title="bbox 166 3711 1301 3800; baseline -0.003 -19"><span class='ocrx_word' id='word_1_255' title='bbox 166 3714 269 3781; x_wconf 88' lang='lat' dir='ltr'>cionis</span> <span class='ocrx_word' id='word_1_256' title='bbox 291 3735 421 3783; x_wconf 88' lang='lat' dir='ltr'>causam</span> <span class='ocrx_word' id='word_1_257' title='bbox 445 3737 462 3783; x_wconf 92' lang='lat' dir='ltr'>e</span> <span class='ocrx_word' id='word_1_258' title='bbox 485 3718 652 3783; x_wconf 87' lang='lat' dir='ltr'>verborum</span> <span class='ocrx_word' id='word_1_259' title='bbox 680 3722 840 3782; x_wconf 89' lang='lat' dir='ltr'>structura</span> <span class='ocrx_word' id='word_1_260' title='bbox 866 3713 998 3800; x_wconf 87' lang='lat' dir='ltr'>petitam</span> <span class='ocrx_word' id='word_1_261' title='bbox 1028 3713 1094 3780; x_wconf 90' lang='lat' dir='ltr'>alia</span> <span class='ocrx_word' id='word_1_262' title='bbox 1122 3711 1245 3780; x_wconf 85' lang='lat' dir='ltr'>accedit</span> <span class='ocrx_word' id='word_1_263' title='bbox 1268 3719 1301 3780; x_wconf 88' lang='lat' dir='ltr'>et</span> 
     </span>
     <span class='ocr_line' id='line_1_32' title="bbox 166 3817 1092 3904; baseline -0.003 -19"><span class='ocrx_word' id='word_1_264' title='bbox 166 3817 295 3904; x_wconf 83' lang='lat' dir='ltr'>gravior</span> <span class='ocrx_word' id='word_1_265' title='bbox 316 3825 349 3885; x_wconf 88' lang='lat' dir='ltr'>et</span> <span class='ocrx_word' id='word_1_266' title='bbox 370 3839 453 3904; x_wconf 84' lang='lat' dir='ltr'>quae</span> <span class='ocrx_word' id='word_1_267' title='bbox 475 3820 546 3886; x_wconf 90' lang='lat' dir='ltr'>sola</span> <span class='ocrx_word' id='word_1_268' title='bbox 567 3819 785 3904; x_wconf 87' lang='lat' dir='ltr'>quaestionem</span> <span class='ocrx_word' id='word_1_269' title='bbox 808 3817 957 3885; x_wconf 86' lang='lat' dir='ltr'>dirimere</span> <span class='ocrx_word' id='word_1_270' title='bbox 979 3817 1092 3904; x_wconf 85' lang='lat' dir='ltr'>possit.</span> 
     </span>
    </p>
   </div>
   <div class='ocr_carea' id='block_1_7' title="bbox 167 3933 1302 4127">
    <p class='ocr_par' dir='ltr' id='par_1_8' title="bbox 167 3933 1302 4127">
     <span class='ocr_line' id='line_1_33' title="bbox 253 3933 1300 4027; baseline -0.003 -22"><span class='ocrx_word' id='word_1_271' title='bbox 253 3939 360 4006; x_wconf 87' lang='lat' dir='ltr'>Verba</span> <span class='ocrx_word' id='word_1_272' title='bbox 382 3935 460 4006; x_wconf 75' lang='lat' dir='ltr'>etot</span> <span class='ocrx_word' id='word_1_273' title='bbox 484 3933 590 4027; x_wconf 70' lang='grc' dir='ltr'><strong><em>ἀρχὴν</em></strong></span> <span class='ocrx_word' id='word_1_274' title='bbox 609 3979 653 3988; x_wconf 95' lang='grc'>-</span> <span class='ocrx_word' id='word_1_275' title='bbox 674 3940 852 4005; x_wconf 89' lang='grc' dir='ltr'><strong><em>πολιτείαν</em></strong></span> <span class='ocrx_word' id='word_1_276' title='bbox 874 3957 1066 4021; x_wconf 87' lang='lat' dir='ltr'>quamquam</span> <span class='ocrx_word' id='word_1_277' title='bbox 1085 3943 1194 4022; x_wconf 87' lang='lat' dir='ltr'>aperte</span> <span class='ocrx_word' id='word_1_278' title='bbox 1216 3935 1300 4002; x_wconf 89' lang='lat' dir='ltr'>idem</span> 
     </span>
     <span class='ocr_line' id='line_1_34' title="bbox 167 4039 1302 4127; baseline -0.006 -17"><span class='ocrx_word' id='word_1_279' title='bbox 167 4043 228 4110; x_wconf 88' lang='lat' dir='ltr'>sibi</span> <span class='ocrx_word' id='word_1_280' title='bbox 266 4042 411 4110; x_wconf 88' lang='lat' dir='ltr'>volunt</span> <span class='ocrx_word' id='word_1_281' title='bbox 440 4049 537 4126; x_wconf 86' lang='lat' dir='ltr'>atque</span> <span class='ocrx_word' id='word_1_282' title='bbox 573 4041 718 4127; x_wconf 83' lang='lat' dir='ltr'>proxime</span> <span class='ocrx_word' id='word_1_283' title='bbox 751 4039 978 4126; x_wconf 85' lang='lat' dir='ltr'>praecedentia</span> <span class='ocrx_word' id='word_1_284' title='bbox 1011 4039 1091 4125; x_wconf 87' lang='grc' dir='ltr'><strong><em>περί</em></strong></span> <span class='ocrx_word' id='word_1_285' title='bbox 1125 4043 1182 4124; x_wconf 72' lang='grc' dir='ltr'><strong><em>τῆς</em></strong></span> <span class='ocrx_word' id='word_1_286' title='bbox 1215 4061 1302 4124; x_wconf 83' lang='grc' dir='ltr'><strong><em>προ-</em></strong></span> 
     </span>
    </p>
   </div>
   <div class='ocr_carea' id='block_1_8' title="bbox 168 4219 1300 4466">
    <p class='ocr_par' dir='ltr' id='par_1_9' title="bbox 168 4219 1300 4466">
     <span class='ocr_line' id='line_1_35' title="bbox 242 4219 1300 4303; baseline -0.008 -17"><span class='ocrx_word' id='word_1_287' title='bbox 242 4235 258 4298; x_wconf 77' lang='lat'>1)</span> <span class='ocrx_word' id='word_1_288' title='bbox 278 4233 402 4303; x_wconf 74' lang='grc' dir='ltr'><strong><em>μηδεμιᾷ</em></strong></span> <span class='ocrx_word' id='word_1_289' title='bbox 414 4229 529 4300; x_wconf 66' lang='grc' dir='ltr'><strong><em>λίνεος,</em></strong></span> <span class='ocrx_word' id='word_1_290' title='bbox 551 4231 677 4302; x_wconf 77' lang='lat' dir='ltr'>spicileg.</span> <span class='ocrx_word' id='word_1_291' title='bbox 693 4227 810 4284; x_wconf 74' lang='lat' dir='ltr'>conieci.</span> <span class='ocrx_word' id='word_1_292' title='bbox 830 4241 857 4297; x_wconf 92' lang='lat' dir='ltr'>p.</span> <span class='ocrx_word' id='word_1_293' title='bbox 872 4231 920 4281; x_wconf 77' lang='lat' dir='ltr'>do:</span> <span class='ocrx_word' id='word_1_294' title='bbox 941 4225 1011 4298; x_wconf 74' lang='grc' dir='ltr'>μηδὲ</span> <span class='ocrx_word' id='word_1_295' title='bbox 1029 4225 1125 4291; x_wconf 88' lang='lat' dir='ltr'>eodd.;</span> <span class='ocrx_word' id='word_1_296' title='bbox 1147 4219 1183 4280; x_wconf 83' lang='lat' dir='ltr'>ci.</span> <span class='ocrx_word' id='word_1_297' title='bbox 1198 4227 1300 4294; x_wconf 68' lang='lat' dir='ltr'>piton</span> 
     </span>
     <span class='ocr_line' id='line_1_36' title="bbox 168 4307 967 4389; baseline -0.009 -17"><span class='ocrx_word' id='word_1_298' title='bbox 168 4315 224 4388; x_wconf 74' lang='lat' dir='ltr'>lyr)</span> <span class='ocrx_word' id='word_1_299' title='bbox 241 4321 314 4387; x_wconf 82' lang='grc' dir='ltr'><strong><em>γοῦν</em></strong></span> <span class='ocrx_word' id='word_1_300' title='bbox 332 4315 451 4389; x_wconf 75' lang='grc' dir='ltr'><strong><em>οὐδεμιᾷ</em></strong></span> <span class='ocrx_word' id='word_1_301' title='bbox 468 4313 582 4388; x_wconf 77' lang='grc' dir='ltr'><strong><em>τσιαάτμ</em></strong></span> <span class='ocrx_word' id='word_1_302' title='bbox 602 4312 758 4388; x_wconf 73' lang='grc' dir='ltr'><strong><em>περιτυχὼν</em></strong></span> <span class='ocrx_word' id='word_1_303' title='bbox 775 4307 840 4368; x_wconf 74' lang='lat' dir='ltr'>otta</span> <span class='ocrx_word' id='word_1_304' title='bbox 858 4315 967 4386; x_wconf 69' lang='grc' dir='ltr'><strong><em>γραφῇ.</em></strong></span> 
     </span>
     <span class='ocr_line' id='line_1_37' title="bbox 1062 4416 1092 4466; baseline 0 0"><span class='ocrx_word' id='word_1_305' title='bbox 1062 4416 1092 4466; x_wconf 87' lang='grc'>13</span> 
     </span>
    </p>
   </div>
   <div class='ocr_carea' id='block_1_9' title="bbox 0 0 1642 4928">
    <p class='ocr_par' dir='ltr' id='par_1_10' title="bbox 0 0 1642 4928">
     <span class='ocr_line' id='line_1_38' title="bbox 0 0 1642 4928; baseline 0 0"><span class='ocrx_word' id='word_1_306' title='bbox 0 0 1642 4928; x_wconf 95' lang='lat' dir='ltr'> </span> 
     </span>
    </p>
   </div>
  </div>
 </body>
</html>
