3262 4926
620 424 835 485 ..17-

160 621 227 679 tum
250 613 394 680 efficiunt
422 612 488 695 (etr.
510 631 594 694 qnae
616 611 657 677 de
680 611 727 676 eis
750 609 836 674 intra
858 608 1045 693 disputavi),
1073 615 1116 688 et,
1141 615 1176 672 ut
1194 613 1234 671 54
1258 607 1300 672 ad

162 721 202 780 tt
225 716 433 800 adiungatur,
460 735 556 781 sensu
578 713 755 798 flagitatur.
802 712 926 778 Deinde
949 713 1048 777 verba

275 819 498 903 sedquoniam
521 818 615 881 docui
635 825 820 880 remotarum
842 815 973 879 exordio
994 835 1100 876 reram
1130 820 1187 877 etc.

158 923 200 987 ab
223 941 273 1003 eo,
299 923 353 1006 qni
376 942 416 988 aa
437 941 478 987 ex
501 920 594 986 tertio
615 920 697 985 libro
720 919 861 1003 repetiit,
894 939 959 983 non
987 923 1123 1002 possunt
1152 915 1214 981 nisi
1244 923 1300 980 aut

157 1031 235 1092 ante
257 1029 299 1090 26
322 1025 429 1110 posita
452 1043 524 1090 esse
546 1031 604 1089 aut
626 1023 818 1088 adeo-28
841 1021 1014 1104 adscripta.
1056 1020 1168 1102 Neque
1190 1026 1299 1084 tamen

158 1149 179 1194 e
202 1135 298 1213 poeta
319 1129 391 1213 ipso
412 1127 552 1212 repetita
566 1134 650 1209 sunt,
676 1127 710 1192 id
732 1126 817 1210 qnod
839 1124 1070 1191 demonstravit
1085 1122 1299 1189 Susamihlius

165 1231 287 1314 (Philol.
314 1231 438 1314 XXIX,
466 1233 540 1304 419,
568 1233 612 1311 3),
638 1249 744 1312 neque
766 1229 807 1294 ab
830 1248 879 1308 eo,
904 1227 959 1310 qui
981 1227 1179 1312 prooemium
1201 1245 1300 1311 prae-

160 1334 248 1414 fixit,
282 1335 402 1420 qnippe
432 1354 452 1398 a
480 1353 542 1417 quo
564 1351 678 1398 versus
701 1337 743 1396 25
773 1351 811 1399 eo
839 1339 963 1397 tantum
994 1329 1127 1396 oonsilio
1157 1336 1299 1395 mutatus

159 1436 213 1514 sit,
231 1457 271 1503 na
293 1436 344 1503 bis
366 1436 400 1501 in
423 1436 525 1501 tribus
541 1435 687 1501 versibus
703 1443 828 1518 compta
842 1434 1015 1518 legeretur.
1055 1433 1168 1516 Neque
1183 1431 1298 1498 verisi-

158 1540 236 1607 mile
258 1546 308 1606 est
331 1541 484 1606 leotorem
507 1539 599 1604 illum
621 1537 849 1623 philosophum
873 1557 912 1604 ea
934 1535 1111 1618 addidisse,
1138 1556 1212 1602 oum
1234 1556 1299 1601 non

159 1643 272 1710 eadem
296 1643 457 1710 sententia
480 1643 527 1708 eis
551 1642 749 1727 exprimatur
770 1648 868 1724 atque
889 1640 1037 1708 versibus

312 1756 407 1832 atque
429 1747 530 1810 aat'rni
550 1746 696 1830 quomam
719 1745 949 1810 dominatura
972 1745 1051 1829 quid
1070 1752 1149 1808 esset

310 1858 340 1914 et
362 1850 475 1935 quibus
497 1873 513 1912 e
536 1850 628 1912 reboo
650 1871 720 1912 eom
743 1871 873 1931 corpore
895 1855 1020 1930 compta
1042 1847 1160 1931 or'greret

309 1975 407 2038 quone
428 1953 519 2016 modo
542 1953 698 2016 distracta
719 1952 840 2015 rediret
860 1950 894 2013 ia
916 1951 1007 2014 ordia
1023 1950 1143 2033 potam.

159 2055 194 2119 Si
216 2075 292 2120 vero
315 2057 387 2121 eins
409 2055 564 2121 intererat
585 2055 817 2132 demonstrare,
844 2053 956 2119 eedem
978 2053 1047 2118 tere
1063 2053 1187 2119 ratione
1203 2051 1298 2118 huius

157 2157 231 2222 libri
253 2157 379 2223 initium
402 2157 508 2223 faeere
531 2165 660 2242 poetam
683 2165 780 2240 atque
803 2156 905 2236 tertii,
937 2162 1025 2222 oerto
1053 2155 1095 2236 [id
1125 2155 1210 2237 quod
1233 2156 1297 2220 iam

158 2261 280 2326 monuit
301 2258 386 2326 idem
403 2261 626 2337 Susemiidius]
646 2281 709 2325 non
732 2265 888 2325 mutasset
909 2258 990 2323 illud
1013 2268 1049 2322 et
1071 2259 1219 2344 quoniam
1241 2261 1298 2322 do-

158 2363 217 2442 cm',
245 2363 330 2444 quod
345 2362 412 2428 illio
427 2371 486 2443 est,
512 2363 546 2427 in
568 2364 638 2426 sed
658 2363 805 2448 quoniam
821 2360 922 2424 docui.
969 2362 1082 2444 Itaque
1105 2361 1132 2427 si
1148 2381 1211 2426 non
1227 2382 1299 2428 oer-

158 2475 236 2545 tum,
263 2472 297 2530 at
317 2465 385 2531 reri
408 2465 604 2532 simillimum
627 2472 677 2531 est
699 2464 742 2530 ad
766 2465 1026 2548 interpolatorem
1049 2464 1107 2529 illa
1128 2464 1300 2530 referenda

157 2589 241 2635 esse.
289 2569 394 2652 Atque
425 2568 452 2634 si
481 2567 540 2633 hoo
562 2568 722 2652 ponimus,
750 2568 872 2632 olarum
895 2573 958 2648 est,
986 2587 1042 2632 our
1062 2567 1143 2632 illud
1166 2576 1196 2632 et
1219 2591 1297 2653 quo-

157 2672 244 2734 m'am
265 2671 359 2734 docui
379 2676 535 2736 mutatum
559 2671 615 2749 sit,
642 2691 714 2736 oum
736 2671 842 2735 minus
864 2671 997 2753 elegans
1021 2668 1183 2736 rideretur

312 2782 352 2838 et
374 2774 522 2859 quomam
544 2774 637 2838 docui
657 2781 842 2838 coactarum
864 2773 994 2838 exordia
1015 2794 1121 2837 rerum

313 2987 435 3064 atque
457 2979 559 3042 animi
578 2979 725 3064 quoniam
747 2979 842 3042 docui
862 2987 979 3042 matare
1001 2978 1080 3063 quid
1099 2987 1178 3043 esset

313 3089 351 3145 et
372 3081 484 3165 quibas
506 3104 523 3144 e
544 3084 636 3145 rebus
658 3103 728 3144 eum
751 3104 880 3164 corpore
903 3091 1027 3164 compta
1049 3081 1177 3167 oiyeret.

156 3181 328 3264 Reliquum
352 3191 411 3262 est,
438 3189 473 3248 nt
495 3183 536 3248 de
559 3184 705 3249 versibus

265 3309 344 3370 quoe
367 3289 459 3370 qaaai
479 3289 676 3351 membranae
699 3287 749 3350 vel
770 3295 876 3350 cortex
899 3286 1157 3368 nominitaadoot,

263 3391 348 3472 quod
367 3390 500 3472 speeiem
523 3414 560 3454 oo
572 3392 721 3477 sormam
743 3389 876 3453 similem
897 3391 981 3474 qerit
1002 3390 1069 3454 eius
1091 3389 1206 3472 imaqo,

264 3493 483 3578 cuiuscumque
506 3495 590 3558 eluet
611 3495 650 3557 de
671 3516 801 3577 corpore
813 3494 899 3579 suaa
922 3494 1035 3578 oaqari

155 3613 301 3676 agamus.
349 3594 412 3671 Qui
435 3615 539 3679 neque
562 3617 621 3680 per
643 3616 678 3662 se
701 3603 836 3681 possunt
859 3596 1109 3662 enuntiationem
1129 3596 1296 3662 relativam

155 3696 299 3778 esbeere,
326 3717 398 3762 enm
419 3696 489 3763 fieri
511 3706 669 3781 nequeat,
698 3706 732 3764 ut
754 3698 797 3764 ad
827 3721 906 3782 quoe
936 3697 1112 3784 praedicati
1142 3698 1210 3763 loeo
1240 3722 1298 3763 ao-

157 3800 364 3864 mim'tamdaet
386 3801 553 3879 referatur,
578 3821 637 3868 neo
653 3802 827 3868 simulacra
843 3802 936 3885 quasi
948 3802 1155 3868 membranae
1172 3803 1298 3887 possint

156 3903 352 3980 nominetur&
379 3925 484 3986 neque
508 3905 589 3970 sumi
613 3911 718 3991 potest
740 3925 795 3970 eos
819 3925 840 3968 a
861 3910 958 3988 poeta
980 3911 1053 3989 post
1075 3903 1147 3970 illos

243 4009 280 4070 31
307 4029 386 4092 quoe
408 4008 501 4093 quasi
520 4009 730 4086 membranae,
757 4029 876 4071 sumrao
898 4008 937 4070 de
959 4030 1090 4090 corpore
1112 4029 1216 4072 rerum

305 4112 462 4195 dereptae,
489 4111 622 4176 volitant
644 4112 788 4196 ultroque
810 4110 951 4194 citroque
967 4132 1030 4192 per
1052 4133 1147 4175 aaran

156 4211 275 4294 positos
286 4232 370 4296 esse,
381 4214 532 4297 quoniam
544 4213 762 4280 definitionem
775 4213 1016 4278 simulacrorum
1026 4213 1198 4291 continent,
1211 4234 1296 4296 qnae

157 4314 220 4378 iam
243 4335 338 4382 versu
366 4317 402 4381 31
430 4318 506 4382 deta
528 4324 609 4383 erat.
656 4317 764 4395 Quare
787 4317 866 4382 nihil
890 4323 1014 4383 restare
1028 4316 1156 4384 videtur
1178 4318 1240 4384 nisi
1262 4327 1298 4384 ut

1073 4439 1088 4488 2
