3280 4934
299 359 342 426 aa
732 397 773 406 -
821 357 916 443 [124]
963 398 1005 406 -

299 555 451 640 Agerato,
487 561 524 620 ut
560 561 627 620 tum
660 555 788 638 quidem
820 554 986 639 effugeret,
1021 559 1132 639 postea
1163 556 1295 632 rediret,
1331 555 1357 619 si
1388 575 1439 620 res

298 662 443 748 publicae
466 662 498 728 in
520 662 681 728 meliorem
699 667 816 728 statum
834 663 1035 729 recessissent
1057 683 1158 747 neque
1179 662 1278 726 ullum
1300 667 1439 726 exstaret

298 769 478 855 periculum.
529 768 651 834 Deinde
678 770 760 855 quod
790 769 918 835 Grotius
948 769 1080 834 Athenis
1108 773 1175 834 tum
1202 791 1271 834 curn
1298 769 1438 851 undique

299 877 525 942 obsidebantur
553 876 700 961 effugium
728 877 845 942 nemini
872 877 1012 962 patuisse
1035 883 1140 961 putat,
1168 877 1247 941 adeo
1276 874 1438 964 obsidione

298 984 384 1049 nulle
411 983 487 1049 urbs
514 984 618 1049 claudi
646 985 785 1067 potuisse
812 984 945 1062 videtur,
976 991 1013 1048 ut
1040 1005 1079 1050 ne
1112 985 1190 1049 ratis
1217 983 1344 1066 quidem
1375 1003 1440 1046 une

172 1101 173 1104 ’
298 1091 437 1157 alterave
465 1092 545 1156 olam
577 1090 718 1157 hostibus
750 1113 767 1156 c
799 1097 894 1176 portu
926 1091 1118 1158 eveheretur.
1169 1089 1275 1155 Veluti
1307 1090 1439 1172 legimus

298 1199 383 1282 apud
405 1197 619 1282 Thucydidem
642 1197 682 1285 (l,
705 1198 755 1263 64.
780 1198 837 1284 65)
861 1221 931 1264 cum
953 1199 1106 1264 Potidaea
1128 1197 1168 1263 ab
1192 1194 1439 1262 Atheniensibus

298 1311 384 1370 torre
411 1305 553 1389 merique
580 1312 825 1391 oppugnaretur,
835 1306 860 1392 ¹)
891 1306 1050 1372 Aristenm
1082 1306 1192 1371 ducem
1225 1304 1372 1382 suasisse,
1403 1307 1440 1367 ut

299 1433 406 1478 omnes
430 1412 550 1478 incolae
573 1414 924 1497 exceptis'qningcntis,
951 1414 1005 1497 qui
1028 1412 1138 1478 urbem
1161 1413 1374 1488 defenderent,
1401 1433 1439 1477 ex

200 1599 203 1604 Δ
298 1519 377 1584 urbc
404 1519 618 1585 eveherentur.
668 1519 758 1598 Quod
791 1520 955 1587 consilium
981 1543 1052 1586 cum
1080 1520 1306 1604 neglegeretur,
1337 1518 1439 1603 ipsum

299 1617 426 1709 quidem
450 1625 530 1691 clam
552 1627 697 1692 hostibus
720 1649 757 1692 ex
780 1627 858 1694 urbe
882 1627 1024 1694 evasisse.
1066 1627 1184 1706 Quodsi
1210 1627 1351 1692 Aristeus
1373 1624 1440 1690 lere

300 1753 406 1798 omues
429 1733 546 1798 incolas
570 1733 707 1818 effugere
730 1756 821 1819 posse
843 1734 986 1819 putabat,
1008 1755 1044 1799 re
1067 1756 1142 1800 vera
1168 1735 1236 1818 ipse
1260 1732 1439 1817 effugiebat,

299 1861 362 1905 non
381 1839 480 1916 video,
499 1862 555 1905 our
574 1841 707 1907 Athenis
723 1842 880 1926 Agoretus
899 1841 1044 1906 navicula
1061 1842 1193 1907 evadere
1211 1863 1272 1906 uon
1291 1840 1439 1925 potuerit

300 1945 359 2011 Illo
387 1952 492 2011 autem
525 1948 594 2032 ipso
624 1955 766 2033 tempore
793 1949 1002 2033 Lysandrum,
1034 1970 1104 2013 cum
1135 1935 1271 2032 primum
1299 1947 1440 2012 Athenas

300 2059 406 2119 vectus
430 2061 513 2121 esset
540 2054 723 2141 obsidioque
745 2057 918 2140 longinqua
939 2054 1009 2120 fieri
1031 2056 1200 2133 videretur,
1229 2057 1305 2120 satis
1334 2054 1440 2120 multis

300 2159 432 2226 navibus
463 2161 589 2240 relictis
612 2184 694 2246 quae
726 2164 759 2228 iu
791 2163 1024 2247 oppugnatione
1055 2167 1304 2247 perseverarent,
1336 2162 1439 2246 ipsum

301 2267 427 2332 Samum
449 2271 566 2353 petisse
589 2271 698 2348 videri,
720 2270 826 2354 paullo
850 2276 920 2353 post
944 2269 1130 2335 videbimus:
1158 2291 1220 2353 qua
1242 2291 1276 2334 re
1299 2273 1441 2352 respecta

300 2381 336 2438 ut
363 2375 479 2459 singuli
506 2375 648 2442 homiues
676 2377 849 2460 effugerent
872 2376 964 2442 facile
992 2376 1060 2442 fieri
1083 2379 1223 2462 potuisse
1250 2376 1440 2462 putabimus.

301 2481 464 2547 Accedunt
503 2485 685 2548 testimonia
727 2485 802 2561 duo,
842 2485 927 2549 unde
967 2484 1063 2549 etiam
1104 2506 1198 2550 naves
1234 2489 1440 2550 commeatum

300 2593 462 2672 portantes
485 2591 517 2656 in
544 2591 690 2657 Piraeum
716 2613 774 2675 per
800 2590 907 2656 hostes
936 2593 1016 2656 elam
1042 2598 1223 2676 penetrasse
1250 2590 1441 2656 verisimilli-

299 2718 384 2760 mum
407 2695 452 2761 fit.
498 2697 533 2762 In
555 2697 702 2763 Isocratis
725 2698 808 2763 euim
828 2699 970 2764 oratioue
988 2699 1106 2776 XVIII,
1125 2699 1164 2763 61
1191 2704 1348 2775 narratur,
1371 2719 1440 2761 eum

299 2803 461 2888 Lysander
488 2805 591 2889 capite
618 2805 785 2882 sanxisset,
816 2827 856 2870 ne
888 2807 957 2888 quis
990 2805 1181 2871 trumentum
1210 2804 1352 2870 Athenas
1384 2805 1440 2868 ad-

300 2911 441 2986 veheret,
467 2912 635 2977 nonuullos
662 2911 744 2978 cives
770 2918 861 2978 tanto
889 2913 984 2978 fuisse
1012 2914 1044 2977 in
1073 2912 1298 2997 rempublicam
1326 2910 1441 2987 studio,

199 2995 206 3013 ⁶
299 3025 336 3082 ut
353 3039 424 3084 curu
443 3017 497 3082 elii
521 3039 561 3082 ne
580 3040 637 3084 sua
655 3019 782 3103 quidem
800 3020 971 3103 importare
989 3021 1151 3097 auderent,
1174 3019 1221 3084 illi
1240 3019 1442 3094 frumentum,

300 3125 384 3210 quod
412 3125 453 3189 ad
479 3125 586 3190 hostes
614 3126 790 3205 veheretur,
817 3127 1043 3210 interciperent
1071 3132 1103 3192 et
1134 3127 1168 3191 iu
1195 3125 1341 3190 Piraeum
1368 3147 1441 3209 per-

300 3231 465 3297 ducerent:
492 3254 551 3316 pro
578 3253 640 3315 quo
667 3231 819 3299 beneficio
847 3233 972 3319 publico
995 3234 1118 3300 coronis
1142 3233 1273 3298 donatos
1298 3254 1365 3298 esso
1388 3254 1441 3298 eos

300 3339 489 3423 nominaque
516 3359 622 3404 corum
651 3340 845 3424 proclamata
867 3349 941 3406 ante
969 3341 1099 3406 heroum
1127 3359 1349 3425 eponymorum
1377 3346 1442 3404 sta-

299 3452 379 3512 tuas.
425 3445 490 3512 Ubi
513 3467 701 3530 quamquam
729 3469 791 3514 non
814 3448 1005 3514 dictumest
1032 3449 1095 3513 iam
1123 3453 1190 3512 tum
1217 3445 1327 3512 urbem
1355 3447 1442 3511 navi-

300 3553 359 3620 bus
382 3553 608 3619 circumdatam
630 3553 735 3633 finisse,
758 3561 862 3620 tamen
887 3557 938 3619 vix
962 3553 1113 3620 credibile
1136 3560 1193 3632 est,
1215 3554 1365 3638 populum
1388 3575 1442 3619 eos

300 3663 427 3728 summis
449 3660 622 3728 honoribus
645 3661 830 3728 effecturum
853 3661 958 3740 fuisse,
980 3663 1042 3728 nisi
1061 3661 1222 3746 Lysander
1245 3662 1309 3726 iam
1331 3660 1441 3725 urbem

300 3770 452 3834 inclusam
475 3771 634 3834 tenuisset.
671 3770 839 3835 Praeterea
861 3770 894 3833 iu
914 3771 1065 3847 oratioue,
1088 3789 1168 3852 quae
1192 3769 1275 3832 inter
1294 3767 1442 3851 Lysiacae

299 3877 424 3960 legitur,
442 3877 476 3940 iu
494 3876 690 3942 Andocidem
707 3876 818 3943 habita
830 3876 884 3954 Ill,
902 3877 944 3941 49
966 3876 1143 3942 Andocides
1162 3877 1314 3958 arguitur,
1333 3897 1442 3959 quam-

300 4006 394 4070 quam
421 3984 579 4050 civitatem
607 3985 640 4050 in
667 3985 764 4050 tantis
791 3983 892 4050 turbis
916 3989 948 4048 et
975 3984 1122 4068 periculis
1145 3985 1263 4050 versari
1292 3983 1443 4059 scivisset,

301 4100 404 4158 tamen
432 4091 624 4156 trumentum
655 4095 687 4158 iu
715 4091 825 4157 urbem
857 4092 1027 4176 importare
1060 4091 1259 4176 patriamque
1292 4092 1443 4156 adiuvare

302 4255 514 4265 ———--..--—

391 4343 409 4407 ¹)
428 4341 476 4394 καὶ
495 4329 585 4404 οὕτως
603 4333 654 4410 ἤδη
673 4335 746 4396 κατὰ
761 4334 866 4410 κράτος
885 4332 901 4408 ἦ
918 4339 1072 4394 Ποτείδαια
1087 4333 1298 4410 ἀμφοτέρωθεν
1313 4335 1443 4410 ἐπολιορ-

299 4437 378 4486 κεῖτο
397 4431 445 4486 καὶ
465 4425 499 4486 ἐκ
518 4425 665 4499 θαλάσσης
683 4432 782 4486 ναυσὶν
800 4417 859 4495 ἅμα
878 4423 1073 4498 ἐφορμούσαις
1090 4428 1121 4495 (Ι,
1141 4429 1183 4495 64,
1202 4429 1237 4495 3).
