3280 4934
578 428 622 437 -
669 389 765 472 [105]
811 429 853 438 --
1272 387 1292 452 a

148 587 287 650 virorum
311 586 489 650 doctorum:
522 585 792 660 Rauchensteinii‚
815 584 968 660 Schcihii,
991 584 1104 649 Grotii.
1149 584 1230 650 Nam
1254 585 1294 649 de

149 691 337 777 Blassio¹)
360 691 460 774 loqui,
483 693 539 774 qui
557 691 787 758 Thirlwallium
809 699 934 757 secutus
957 693 1066 757 eodem
1089 691 1141 755 die
1160 699 1192 756 et
1210 692 1294 757 viros

147 798 315 882 populares
334 797 575 882 comprehensos
593 806 625 865 et
643 821 753 883 paoem
768 799 945 864 conclusam
965 820 1032 864 esse
1051 803 1167 876 uensct,
1184 820 1293 884 snper-

150 907 254 982 sedeo,
277 926 347 970 cum
370 927 390 970 a
412 905 593 992 Rennero')
617 907 736 989 optime
759 905 946 990 redargutus
969 906 1019 970 sit

709 1243 736 1326 Ι.

222 1441 445 1507 Exordiamur
462 1440 559 1523 igitur
572 1463 593 1505 a
606 1439 920 1506 Rauehensteinii
930 1441 956 1524 ³)
972 1429 1138 1516 sententie,
1152 1440 1292 1522 quicum

146 1555 275 1614 auctore
300 1549 395 1633 Lysia
421 1547 492 1612 illos
515 1549 597 1614 viros
624 1554 699 1612 ante
727 1569 834 1630 pacem
859 1545 975 1610 factam
1003 1551 1113 1630 captos
1141 1565 1208 1610 esse
1231 1545 1292 1610 sibi

147 1655 344 1740 persuadeat,
366 1675 471 1719 rerum
490 1655 632 1720 ordinem
655 1656 716 1720 hoc
735 1655 827 1719 modo
846 1654 1023 1720 constituit:
1048 1653 1205 1718 Postridie
1225 1653 1292 1718 eius

146 1763 219 1840 diei,
242 1783 305 1845 quo
328 1761 539 1827 Theramenes
562 1762 677 1848 Sparta
700 1761 848 1838 redierat,
872 1760 984 1836 contio,
1001 1761 1040 1826 de
1065 1781 1140 1844 paee
1164 1759 1291 1844 quidem

147 1869 271 1945 habita,
294 1874 424 1952 accepta
446 1890 520 1934 vero
545 1890 605 1933 non
630 1877 679 1936 ost
701 1891 777 1954 pax,
800 1891 870 1934 curn
894 1867 952 1932 vin·
975 1867 1142 1952 populares
1165 1867 1292 1932 resiste-

145 1983 225 2041 rent.
263 1976 323 2054 Qui
342 1977 478 2060 primum
496 1997 514 2040 e
532 1978 635 2042 medio
655 1976 787 2042 tollendi
806 1981 906 2040 erant.
943 1974 1034 2052 Quod
1057 1996 1128 2040 cum
1147 1975 1292 2040 contione

146 2082 325 2148 Munichiae
348 2083 460 2148 habita
482 2089 566 2149 esset
588 2083 720 2161 factum,
747 2105 820 2147 mox
843 2083 945 2148 altera
972 2082 1118 2147 contione
1146 2081 1185 2146 de
1214 2103 1290 2165 pace

146 2191 295 2254 instituta
318 2189 516 2256 condiciones
539 2197 686 2275 acceptae
709 2195 791 2256 sunt.

234 2296 324 2374 Quod
352 2297 379 2361 si
407 2317 514 2361 verum
542 2303 637 2374 osset,
665 2303 849 2380 sequeretur
877 2303 1017 2360 erratum
1045 2317 1113 2360 csse
1140 2317 1160 2358 a
1187 2293 1291 2358 Xeno-

145 2403 275 2488 phonte,
307 2403 362 2486 qui
394 2405 446 2470 die
477 2411 550 2488 post
581 2405 720 2470 reditum
752 2403 957 2468 Theramenis
988 2423 1099 2486 pacem
1129 2409 1290 2484 acceptam

144 2533 212 2575 csse
238 2517 356 2575 narrat
407 2510 507 2593 Atqui
537 2511 571 2576 id
603 2511 720 2595 ipsum,
752 2531 861 2595 pacem
889 2511 998 2576 statim
1025 2515 1185 2592 acceptam
1213 2529 1289 2584 csse,

143 2617 405 2681 verisimillimum
432 2623 494 2694 est,
521 2640 591 2683 cum
619 2619 682 2682 iam
709 2624 777 2682 tum
800 2618 883 2683 farne
911 2618 1012 2701 magis
1035 2617 1198 2702 magisque
1221 2638 1289 2680 ere-

142 2730 249 2788 scente
272 2723 314 2788 ad
337 2729 511 2789 extremum
534 2725 654 2790 redacti
678 2730 784 2790 essent
808 2725 1023 2802 Athenienses,
1045 2733 1082 2790 ut
1105 2724 1192 2789 nulla
1215 2745 1289 2789 cuu-

142 2831 242 2894 ctatio
270 2827 338 2895 fieri
366 2837 480 2914 posset.
530 2831 673 2916 Namque
705 2831 778 2896 licet
806 2854 881 2896 sane
909 2834 1000 2914 pauci
1031 2831 1221 2906 restiterint,
1252 2837 1290 2896 ut

141 2937 320 3021 Xenophon
348 2943 457 3002 narrat
484 2937 668 3024 (11,2‚22
701 2931 934 3004 ἀντειπόντων
967 2938 1004 3004 ds'
1033 2961 1139 3004 τινων
1172 2930 1289 3025 αὐτῷ),

140 3044 232 3128 plebs
259 3050 344 3109 certe
370 3045 411 3109 ad
440 3065 548 3129 paoem
576 3045 624 3110 ita
651 3045 838 3124 inclinabat,
868 3052 903 3111 ut
930 3067 1145 3131 quaecumque
1174 3045 1289 3110 vellent

141 3151 386 3216 Lacedaemonii
409 3157 580 3236 pateretur.
794 3227 799 3238 ¹

232 3257 294 3324 Sed
331 3281 370 3324 ne
407 3281 477 3325 oum
509 3259 604 3343 Lysia
640 3260 767 3342 quidem
803 3261 959 3325 consentit
996 3259 1287 3326 Rauchcnstcinius.

139 3365 234 3446 Quod
257 3367 341 3430 euim
363 3365 506 3443 alteram,
530 3389 593 3451 qua
614 3373 776 3450 acceptam
800 3361 917 3451 paoem'
932 3368 1017 3445 dicit,
1041 3369 1219 3433 contionem
1242 3370 1289 3433 in-

137 3474 272 3556 tellegit,
295 3493 334 3537 ue
357 3473 498 3556 potuisse
522 3475 648 3557 quidem
673 3475 736 3538 iam
760 3475 856 3540 semel
879 3476 912 3539 in
935 3475 1113 3540 contione
1136 3475 1176 3539 de
1195 3497 1233 3540 ea
1254 3499 1289 3540 re

137 3589 247 3648 actum
271 3601 338 3644 esse
361 3579 474 3663 Lysiae
497 3583 638 3646 narratio
661 3583 739 3647 satis
762 3581 909 3646 ostendit
956 3582 1035 3647 Nam
1060 3605 1131 3647 cum
1148 3581 1189 3647 de
1212 3583 1289 3648 dua-

138 3691 200 3756 bus
230 3686 429 3752 contionibus
457 3689 583 3753 omnino
607 3711 670 3753 non
699 3690 852 3774 loquitur,
880 3693 948 3754 tum
970 3711 1040 3754 eum
1065 3689 1104 3753 de
1132 3711 1196 3754 una
1218 3697 1288 3754 tan-

136 3806 207 3864 tum
223 3799 418 3877 compertum
436 3793 583 3860 habuisse
603 3795 745 3860 indicant
765 3796 862 3860 verba
875 3817 956 3878 quae
975 3796 1123 3879 leguntur
1141 3796 1229 3873 XIII,
1246 3797 1284 3861 17

135 3892 242 3990 γνοὺς
270 3899 305 3965 dt
333 3907 439 3966 ταῦτα
465 3901 657 3989 Θηραμένης
683 3905 740 3968 καὶ
768 3900 801 3968 οἱ
829 3895 925 3968 ἄλλοι
952 3900 985 3968 oI
1014 3898 1289 3983 ἐπιβουλεύοντες

137 4039 246 4050 ...ψ’-.-

231 4097 250 4148 ¹t
271 4096 315 4148 Fr.
336 4095 414 4149 Blass
435 4095 591 4152 Gescbicbte
615 4097 664 4150 der
683 4099 817 4152 ottiscben
835 4097 1049 4164 Bcredaomkcit,
1074 4096 1190 4167 Leipzig
1211 4101 1288 4163 1868,

135 4193 156 4245 Ι,
189 4206 216 4256 p.
238 4186 291 4239 556
309 4185 371 4238 adn.
901 4177 906 4186 ⁸

229 4274 250 4338 Β)
270 4273 317 4326 Oh.
338 4273 448 4327 Reuner
467 4274 724 4330 commentationum
745 4277 921 4346 Lysiacarum
942 4276 1036 4346 capita
1054 4276 1116 4341 duo,
1139 4276 1287 4346 Gottingae

260 4403 265 4415 .
288 4365 328 4416 15.
351 4365 391 4415 16.

137 4369 216 4432 1869,
228 4379 257 4521 ’ξ
270 4451 475 4508 Rauoheusteiu
499 4451 591 4508 Neues
616 4453 851 4510 Seteeuerucea
870 4457 1001 4512 Murcum
1021 4456 1068 4512 vl.
1091 4473 1117 4525 p.
1138 4455 1287 4510 aur-277.
