3272 4920
604 457 649 471 -
696 423 779 506 [1611
827 459 871 472 -
1246 422 1306 485 rra

167 601 210 674 οδ
226 606 265 695 δη
281 631 351 674 που
366 606 414 691 μά
429 611 498 674 Δία
515 606 612 676 κοινά
635 604 713 677 οὐδὲ
729 612 1016 698 καθημαξευμένα
1038 622 1109 687 τοῖς
1123 607 1304 697 πρότερον.

167 715 245 776 4721
269 705 379 789 οὐδεὶς
401 719 467 779 τῶν
487 707 641 801 ὕστερον.
688 717 795 781 885111
817 710 894 781 οὔτε
917 727 988 792 τοῖς
1009 708 1085 779 κατ’
1104 712 1309 782 ἐκεῖνοντὸν

167 819 245 896 βίον
272 821 466 901 γενομένοις
500 814 769 904 ἐπιτηδευθέντα
798 813 874 884 οάτε
904 829 975 895 τοῖς
1007 811 1159 905 ὕστερον.
1210 823 1307 886 11121

167 911 279 995 οὐδεὶς
301 925 367 985 τῶν
389 917 569 1007 πρότερον.

253 1043 287 1107 p.
306 1025 412 1088 458ns
440 1025 550 1109 Δηλοῑ
579 1022 615 1088 δὲ
643 1029 742 1090 τοῦτο
772 1027 918 1109 Γοργίας
947 1047 983 1090 τε
1013 1017 1242 1101 όΛεοντῑνος
1271 1023 1308 1092 ἐν

168 1126 310 1203 πολλοῖς
331 1123 425 1192 πάνυ
447 1124 612 1214 φορτικήν
634 1151 669 1193 τε
692 1127 750 1191 καὶ
771 1122 962 1215 ὑπέρογκον
983 1134 1093 1194 ποιῶν
1121 1126 1183 1215 την
1203 1152 1309 1194 κατα-

167 1228 291 1316 σκευὴν
313 1231 368 1294 καλ
392 1224 433 1296 οὗ
460 1227 580 1317 πόρρω
611 1227 892 1316 διθυράμβων
921 1238 1044 1297 τινῶν
1072 1229 1165 1297 ἔνια
1194 1237 1307 1318 φθεγ-

167 1330 321 1417 γόμενος,
346 1333 404 1398 καλ
426 1341 492 1400 τῶν
514 1331 644 1400 ἐκείνου
671 1341 923 1400 συνουσιαστῶν
950 1333 983 1398 ολ
1011 1335 1090 1420 περὶ
1113 1333 1309 1417 Λικύμνιόν

168 1459 204 1501 τε
227 1435 285 1500 καὶ
306 1436 431 1502 Πῶλον
453 1437 536 1502 FM:
562 1435 788 1524 διθυράμβων
810 1435 884 1503 ἔνια
899 1438 938 1502 R.
984 1437 1160 1522 Dionysius
1184 1445 1308 1523 spectat

167 1539 210 1604 ud
232 1539 378 1606 Platonis
399 1539 433 1604 in
447 1539 595 1606 Phaedro
617 1540 716 1606 verba
730 1537 774 1604 τὰ
788 1545 850 1606 νῦν
864 1537 928 1626 γάρ
946 1533 1057 1606 οότκέτι
1073 1539 1191 1627 πόρρω
1207 1541 1308 1608 διθυ-

167 1640 311 1727 ράμβων
335 1647 535 1729 φθέγγομαι
561 1645 603 1728 (p.
629 1639 732 1726 238⁶).
780 1643 895 1709 Mirum
924 1650 991 1724 est,
1017 1643 1104 1728 quod
1132 1651 1166 1710 et
1194 1644 1247 1712 hie
1275 1655 1308 1712 et

167 1767 202 1831 p.
220 1749 308 1826 9711,
336 1745 391 1811 ubi
406 1745 550 1812 Platonis
572 1746 674 1812 verba
694 1745 821 1830 integra
842 1745 1025 1827 laudantur,
1052 1747 1309 1834 μοε1διθυράμ-

167 1853 242 1931 βων
273 1849 391 1932 legitur
421 1855 532 1930 τινῶν,
564 1848 650 1932 quod
671 1849 804 1915 verbum
828 1869 907 1916 sane
930 1869 1028 1916 sensu
1049 1856 1148 1916 earet.
1195 1851 1309 1936 Neque

167 1954 255 2018 enim
277 1951 312 2016 id
334 1952 522 2038 presserim‚
548 1951 633 2036 quud
654 1973 688 2037 p.
708 1955 784 2018 7641
808 1952 908 2018 verba
933 1971 1011 2018 veru
1040 1961 1169 2020 exstant
1198 1947 1310 2022 οὐκέτι

169 2051 289 2141 πόρρω
318 2052 544 2141 διθυράμβων
572 2059 781 2141 φθέγγομαι.
828 2055 913 2120 Num
940 2056 1039 2120 verba
1065 2063 1112 2140 τῷ
1139 2055 1310 2143 συγγράμ-

169 2181 252 2240 ματι
277 2178 311 2242 p.
331 2160 422 2221 76211
446 2193 487 2204 -
515 2161 714 2242 φθέγγομαι
742 2178 775 2242 p.
795 2159 872 2221 7641
901 2177 976 2222 num
1005 2157 1134 2224 omnino
1163 2159 1309 2226 codicum

170 2261 361 2327 auctoritate
383 2259 535 2340 nitentur,
561 2259 682 2341 dubito,
709 2279 781 2324 euru
803 2259 837 2324 in
851 2259 1062 2325 Ambrosiene
1084 2267 1169 2326 eerte
1188 2260 1306 2330 desint.

170 2363 209 2429 In
230 2363 377 2429 Palatino
399 2381 440 2428 ea
460 2369 587 2428 exstare
611 2381 651 2428 ex
666 2359 875 2428 Herwerdeni
893 2361 1021 2428 silentiu
1043 2362 1099 2445 qni
1121 2363 1199 2429 velit
1217 2365 1311 2430 eolli-

168 2472 245 2551 gat;
277 2485 347 2549 ege,
373 2465 449 2550 quia
471 2465 708 2531 Herwerdenus
735 2465 770 2530 in
798 2464 939 2550 epistula
964 2463 1006 2530 ad
1035 2465 1095 2530 Cn.
1121 2467 1308 2552 Pompeium

171 2569 376 2636 Ambrosiani
398 2577 430 2635 et
444 2567 584 2635 Palatini
606 2567 760 2634 lectiones
783 2566 971 2652 saepissime
989 2567 1142 2650 eenindit,
1168 2589 1310 2637 summo-

170 2693 249 2757 pere
271 2673 311 2739 de
333 2673 501 2739 verborum
524 2671 709 2738 sinceritate
732 2671 851 2754 dubito,
878 2689 951 2736 eum
972 2671 1161 2755 praesertim
1184 2673 1309 2739 ePari-

169 2776 251 2842 sinis
273 2776 336 2841 AB
358 2775 502 2842 eiusdem
534 2773 601 2840 illis
629 2773 757 2858 quidem
785 2793 856 2840 eum
889 2773 1037 2840 Palatino
1069 2773 1214 2841 familiae
1246 2795 1310 2844 nen

170 2885 349 2946 enetentur.
397 2876 483 2955 Quid
504 2877 622 2961 igitnri
658 2877 900 2960 Interpelatoris
922 2877 975 2942 vel
998 2876 1105 2962 petius
1127 2877 1310 2963 interpretis

171 3001 301 3047 manum
324 2988 357 3047 te
378 2979 443 3046 iarn
466 2999 623 3064 cognosse
637 2986 725 3065 puto,
752 2978 808 3062 qni
827 2977 1232 3065 praesumpserit
1251 3002 1311 3067 per

171 3078 265 3164 τινά;
298 3081 384 3150 idem
411 3103 445 3167 p.
466 3085 578 3147 112611
600 3082 697 3149 verbe
727 3079 812 3148 ἔνιοι
836 3081 1009 3166 adseripsit
1031 3086 1136 3165 τινές,
1170 3083 1255 3151 unde
1276 3083 1311 3151 in

172 3186 385 3253 Ambrosieno
414 3185 531 3269 legitur
553 3185 642 3262 τινὲς
664 3183 760 3252 ἔνιοι.
806 3183 857 3249 Ex
887 3183 1113 3270 διθυράμβων
1134 3183 1211 3252 τινὰ
1236 3185 1311 3254 δνια

169 3289 292 3356 tanturn
318 3295 368 3356 est
395 3285 621 3376 διθυράμβων
649 3294 750 3354 τινῶν
776 3285 862 3353 ἔνια.
908 3287 991 3353 Turn
1021 3287 1150 3354 demum
1178 3289 1311 3356 verbnm

172 3399 273 3459 τινῶν
295 3413 335 3458 ex
357 3413 391 3477 p.
410 3395 487 3457 4581
508 3391 543 3457 in
565 3391 709 3458 Platonis
724 3391 831 3457 verbis
852 3411 885 3475 p.
904 3393 983 3456 9711
1004 3390 1231 3476 interpolatum
1248 3399 1308 3458 est.

172 3497 256 3562 Nam
290 3492 516 3582 διθυράμβων
542 3502 644 3561 τινῶν
669 3493 819 3580 Dionysii
847 3493 1023 3578 exemplari
1052 3494 1219 3561 Pluteuiee
1247 3514 1312 3562 non

173 3598 284 3667 deberi
306 3600 395 3664 loeus
417 3604 574 3666 monstrat
590 3619 622 3683 p.
641 3601 735 3663 76411
751 3595 811 3663 τὸν
826 3591 927 3681 δ’γκον
941 3604 1001 3684 τῆς
1015 3604 1192 3686 ποιητικῆς
1207 3622 1312 3664 κατα-

170 3708 293 3788 σκευῆς
327 3698 386 3766 ἐπὶ
415 3697 537 3786 λόγους
569 3695 671 3787 ἤγαγε
701 3696 915 3786 φιλοσόφους
945 3698 1096 3788 ζηλώσας
1124 3700 1203 3778 τοὺς
1230 3703 1312 3787 περὶ

178 3808 336 3891 Γοργίαν,
359 3797 518 3869 ὥστεκαὶ
535 3799 826 3889 διθυράμβοις
848 3799 944 3869 τινὰ
966 3814 1111 3870 ποιεῖν
1134 3801 1309 3870 ἐοικότα.

174 3911 287 3993 Itaque
309 3907 470 3994 genitivus
493 3913 594 3974 τινῶν
615 3927 648 3992 p.
662 3909 740 3971 4581
762 3913 875 3973 uonna
890 3905 1017 3972 eediees
1031 3906 1065 3970 in
1081 3907 1212 3990 volgata
1226 3915 1312 3974 reete

171 4012 328 4080 omittitur
348 4010 497 4095 idemque
520 4031 552 4096 p.
572 4013 650 4076 9711
672 4029 743 4075 eum
763 4007 921 4076 Hudsono
943 4007 1101 4076 delendus
1123 4015 1183 4075 est.

260 4137 293 4202 p.
312 4117 418 4180 458ess
433 4111 576 4199 Ἥψατο
600 4112 636 4179 δὲ
658 4114 717 4177 καὶ
738 4120 805 4179 τῶν
825 4108 992 4200 Ἀθήνησι
1016 4104 1209 4199 ῥητόρωνὴ
1234 4099 1315 4179 πόι-

172 4217 269 4308 ητικη
293 4243 328 4285 τε
350 4219 408 4284 καὶ
430 4214 573 4304 τροπικὴ
597 4213 740 4305 φράσις,
767 4209 812 4292 ὡς
833 4217 897 4300 μὲν
921 4211 1065 4298 Τίμαιός
1091 4236 1192 4303 φησι,
1227 4219 1257 4280 Γ
1256 4239 1315 4302 ορ-

171 4325 250 4408 γίου
273 4317 448 4410 ἄρξαντος,
476 4314 561 4410 ἡνίκ’
580 4313 749 4409 Ἀθήναζε
771 4315 972 4406 πρεσβεύων
986 4315 1218 4407 κατεπλήξατο
1234 4317 1315 4397 τοὺς

1047 4439 1105 4492 12·
