3280 4934
350 369 393 438 44
782 409 825 421 -
873 370 967 456 [140]
1018 408 1057 420 -

350 570 395 635 eis
422 589 503 652 quae
530 587 627 652 supra
657 568 870 652 exposuimus,
902 566 1026 652 longius
1057 567 1208 650 temporis
1240 567 1377 650 spatium
1408 567 1492 633 inter

349 675 460 742 urbem
483 680 607 759 captam
631 680 664 740 ot
684 673 820 760 'triginta
841 675 925 742 viras
949 675 1111 741 institutas
1134 673 1322 740 interfuisse.

438 782 549 849 Paullo
576 781 746 866 digniores,
772 782 887 866 quibus
913 781 1008 848 fidem
1035 780 1219 858 habeamus,
1251 803 1318 848 esse
1345 780 1492 849 rideatur

349 890 480 958 Poteras
492 889 517 978 ¹)
537 896 569 957 et
588 889 797 976 Scheibius‚²)
821 889 877 973 qui
897 895 1049 956 autumna
1069 911 1121 956 eos
1144 891 1307 957 institutos
1329 911 1398 956 esse
1420 911 1491 956 ceu·

350 1003 433 1074 sent,
460 998 546 1080 quod
568 997 696 1080 quidem
718 997 832 1084 quibus
854 999 957 1064 carreis
978 999 1114 1082 permoti
1142 997 1288 1076 fecerint,
1315 998 1492 1066 accuratius

350 1104 521 1170 rideamus.

437 1210 475 1276 In
498 1210 717 1296 Xenophontis
739 1212 874 1280 historia
897 1212 1019 1280 Graeca
1040 1220 1189 1280 narratur
1215 1235 1293 1298 pace
1317 1213 1401 1280 facta
1423 1236 1491 1279 mu·

327 1317 455 1402 ‘risque
478 1341 498 1383 a
519 1318 683 1403 Lysandro
707 1320 822 1386 dirutis
844 1325 971 1404 postero
994 1342 1077 1386 anua
1105 1322 1239 1405 triginta
1261 1322 1344 1388 riros
1367 1327 1491 1386 creatos

351 1447 431 1501 esse;
463 1425 577 1510 quibus
608 1427 795 1494 nominatim
826 1426 995 1511 appellatis
1022 1429 1152 1494 additur
1179 1420 1265 1495 κατὰ
1298 1421 1334 1494 δὲ
1367 1437 1491 1496 τοῦτον

349 1524 410 1600 τὸν
433 1524 553 1618 καιρὸν
579 1535 657 1620 περὶ
683 1525 780 1622 ἡλίου
809 1530 957 1620 ἔκλειψιν
981 1531 1175 1621 Λυκόφρων
1203 1528 1222 1602 ὁ
1249 1539 1389 1623 Φεραῖος
1411 1541 1491 1617 βου-

349 1634 489 1724 λόμενος
513 1633 609 1726 ἄρξαι
632 1631 710 1728 ὅλης
728 1650 785 1729 τῆς
807 1629 987 1721 Gaetuliae
1005 1633 1083 1721 τοὺς
1103 1639 1379 1729 ἐναντιουμένους
1399 1634 1491 1728 αὐτῷ

349 1753 421 1811 τῶν
452 1748 640 1829 θετταλῶν,
668 1750 870 1835 Λαρισαίους
897 1752 954 1816 καὶ
986 1743 1121 1832 ἄλλους,
1153 1747 1239 1835 μάχῃ
1272 1748 1402 1838 ἐνίκησε
1435 1751 1492 1816 καὶ

349 1844 497 1931 πολλοὺς
520 1845 725 1921 ἀπέκτεινεν.
773 1856 851 1922 Cum
874 1863 980 1924 autem
1006 1858 1085 1924 haec
1112 1858 1187 1925 salis
1210 1857 1345 1924 defectio
1369 1858 1420 1924 die
1444 1857 1492 1922 III

349 1959 464 2024 mensis
492 1959 684 2045 Septembris
711 1965 912 2051 acciderit,³)
940 1965 1071 2031 Peterus
1098 1965 1223 2050 (1143)
1251 1965 1491 2052 Xenophontem

348 2068 474 2151 putarit
495 2089 515 2132 a
533 2089 605 2135 rere
623 2073 708 2150 anni,
730 2094 794 2155 quo
811 2073 953 2139 Athenas
976 2075 1113 2140 traditas
1131 2093 1198 2139 esse
1216 2077 1339 2138 constet
1361 2079 1492 2156 repente

348 2174 510 2241 transilire
536 2178 578 2242 ad
609 2183 807 2245 autumnum:
839 2182 927 2265 sequi
959 2181 1058 2264 igitur
1089 2182 1222 2266 triginta
1254 2182 1337 2246 viras
1368 2201 1491 2264 quoquo

348 2285 499 2349 autumno
535 2284 696 2351 institutos
732 2307 808 2352 esse.
876 2287 919 2351 At
959 2287 1039 2353 haec
1074 2289 1115 2354 de
1151 2286 1356 2371 Lycophrona
1396 2285 1492 2352 verba

349 2389 475 2455 omnino
502 2392 785 2474 praetermittenda
808 2400 895 2471 sunt,
923 2415 993 2458 cum
1015 2416 1034 2460 a
1056 2395 1266 2479 Xenophonte
1289 2395 1407 2478 scripta
1429 2415 1492 2460 non

350 2496 421 2562 sint
467 2497 583 2566 Omnes
601 2500 697 2578 enim,
720 2501 774 2587 qui
793 2501 1034 2586 Xenophontem
1056 2501 1208 2568 historiae
1228 2499 1365 2568 Graecae
1384 2507 1490 2567 aueto-

350 2625 416 2670 rem
439 2606 567 2685 ducunt,
589 2608 623 2672 in
643 2606 704 2673 hae
724 2630 760 2673 re
778 2609 987 2687 consentiunt,
1010 2614 1043 2675 et
1064 2609 1172 2675 multis
1194 2607 1491 2694 interpolationibus

349 2711 446 2777 rerba
464 2714 626 2798 scriptoris
644 2721 878 2799 corruptaessc
897 2722 930 2782 et
948 2724 1073 2800 praeter
1092 2723 1197 2784 cetera
1215 2737 1322 2783 omnes
1341 2736 1394 2781 eas
1412 2722 1492 2780 tem·

349 2841 461 2904 parum
479 2821 708 2900 annotationes,
723 2822 838 2906 quihus
853 2823 1055 2908 olympiades,
1069 2824 1189 2909 ephori,
1207 2823 1383 2900 archontes,
1401 2823 1492 2889 chra-

349 2927 494 3020 ualagiaa
507 2937 798 3008 commemorantur,
811 2931 1032 3015 interpolatori
1047 2930 1239 2996 tribuendas.
1249 2931 1276 3016 ⁴)
1305 2929 1355 2994 Ad
1369 2951 1423 2995 eas
1436 2951 1492 2995 au-

349 3040 413 3099 tem
437 3034 512 3100 libri
535 3041 642 3120 partes
659 3034 739 3100 haec
756 3059 880 3120 quoqne
899 3040 939 3103 de
957 3060 1020 3123 qua
1038 3039 1143 3122 agitur
1162 3038 1325 3104 annotatio
1343 3038 1492 3121 pertinet,

349 3141 424 3206 inde
447 3143 582 3208 maxime
605 3151 759 3227 srupecta,
785 3146 870 3227 quad
893 3167 961 3212 cum
987 3145 1121 3210 historia
1144 3145 1266 3212 Graeca
1288 3144 1375 3212 nullo
1398 3146 1491 3210 modo

349 3247 506 3316 cohaeret.
540 3249 736 3336 Quamquam
755 3252 853 3335 igitur
870 3251 955 3319 facta
973 3273 1054 3335 quae
1071 3259 1243 3319 narrantur
1261 3273 1336 3318 vera
1353 3273 1420 3318 esse
1438 3273 1493 3318 ne·

349 3357 487 3440 gaudum
509 3378 572 3423 nan
595 3359 730 3436 ridetur,
758 3381 778 3426 a
800 3358 1009 3444 Xenophonte
1037 3367 1144 3425 tamen
1166 3365 1297 3426 narrata
1323 3381 1386 3426 nan
1409 3366 1492 3436 sunt,

348 3464 597 3548 necquidquam
616 3487 654 3532 ex
671 3468 740 3533 loca
759 3488 821 3551 quo
840 3467 944 3550 posita
962 3471 1036 3532 sunt
1055 3466 1199 3532 concludi
1221 3472 1334 3551 potest.
1372 3466 1491 3546 Quodsi

349 3643 383 3712 by
396 3641 547 3713 IAJaaader
563 3673 599 3683 -
617 3643 678 3700 taac
695 3645 728 3712 is,
747 3644 821 3710 from
840 3646 926 3700 about
939 3644 1023 3714 April
1040 3652 1068 3699 to
1082 3645 1228 3699 December
1242 3649 1297 3699 404
1308 3645 1343 3699 B.
1356 3644 1384 3700 Ο.
1404 3645 1491 3700 Athe·

349 3746 402 3785 naa
420 3730 494 3786 enim
513 3733 663 3788 secundum
678 3733 802 3789 Gratiam
822 3734 941 3790 traditae
960 3741 1024 3789 sunt
1042 3733 1138 3804 primis
1152 3734 1254 3790 mensis
1268 3733 1374 3803 Aprilis
1393 3735 1491 3789 diebus

349 3820 444 3886 (about
461 3821 505 3875 the
524 3821 673 3892 οιοίααὲιιο
691 3822 725 3890 of
739 3823 824 3892 Aprd
842 3824 909 3880 v111
928 3841 954 3894 p.
974 3825 1026 3891 21).

440 3911 459 3976 ¹)
477 3911 591 3967 Carolus
614 3913 697 3969 Peter
719 3912 912 3969 commentatio
936 3911 1034 3969 critica
1057 3913 1091 3968 de
1116 3913 1306 3983 Xenophontis
1329 3912 1491 3970 Hellenicis.

349 3998 428 4055 Halia
447 4000 584 4057 Saxonum
604 4003 681 4058 1837.
779 4033 783 4051 ·
913 4001 914 4004 ’

438 4089 459 4141 ¹1
481 4088 682 4159 Otiparata'ache
705 4093 893 4162 Umwiilramp.
930 4109 956 4162 p.
976 4094 1026 4148 161
1046 4109 1086 4161 eq.
1133 4121 1139 4135 ·

438 4177 459 4244 ⁸)
477 4180 528 4233 Ed.
553 4180 620 4235 Heis
643 4182 710 4237 ater
733 4183 778 4238 dio
801 4181 988 4238 Fieri-eruisse
1017 4182 1063 4237 dea
1090 4181 1354 4252 Palopaaaeeuchea
1381 4181 1492 4254 Κήιοι,

349 4267 534 4324 Κοο1ο1834.

438 4358 458 4424 ⁴)
478 4358 512 4413 of.
536 4361 569 4414 A.
588 4360 748 4416 Braeckner
771 4362 805 4418 de
828 4359 1015 4417 notationibus
1039 4376 1170 4416 annorum
1193 4360 1222 4416 in
1245 4359 1360 4418 historia
1384 4361 1493 4422 Graeca

349 4448 539 4520 Xenophontis
557 4449 702 4521 suspectis,
720 4449 854 4507 Snidnicii
875 4451 952 4508 1838.
