3262 4926
787 384 1003 445 „10-

374 569 433 631 119
457 560 501 643 ὡς
524 562 553 632 δ’
581 561 713 633 ύπύτον
735 574 882 654 γροφέες
905 563 1112 656 ἀναθήματα
1137 572 1364 646 ποικίλλουσιν,

457 663 573 756 ἀνέρες
597 664 686 757 ἀμφὶ
708 676 826 758 τέχνης
848 667 1057 760 ύπδμήτιος
1080 663 1118 740 εὖ
1140 673 1294 754 δεδαῶτε,

459 767 518 840 οἵτ’
545 772 620 840 ἐπεὶ
644 763 704 841 οὗν
724 773 890 862 μάρψοισι
913 774 1087 863 πολύχροο
1111 775 1274 864 φάρμακα
1294 781 1399 862 χερσί,

458 871 600 964 ἆρμονίῃ
623 880 762 962 μίξαντε
785 877 912 964 τὰμὲν
935 882 1038 964 πλέω,
1066 875 1151 947 ἀλλο
1175 875 1202 946 δ’
1228 877 1368 962 ἐλάσσω,

457 981 492 1048 ἐκ
515 989 581 1050 τῶν
603 982 694 1049 είδεο
718 991 825 1052 πᾶσιν
848 979 981 1070 ύλίγκια
1005 982 1223 1071 πορσύ-νουσι,

458 1085 641 1173 δένδρεά
663 1112 705 1153 τε
729 1087 879 1168 κτίζοντι
902 1091 971 1154 κοί
994 1083 1146 1176 ἀνέρας
1167 1085 1239 1177 ἠδὲ
1261 1100 1468 1174 γυναῖκας

458 1189 593 1279 θῆράς
626 1186 653 1256 τ’
690 1190 870 1270 οἰωνούς
900 1218 943 1260 τε
973 1195 1045 1260 κοί
1077 1187 1468 1278 ὑδατοθρέμμονος

501 1293 628 1376 ἰχθῦς

458 1396 1465 1488 κοίτεθεοὺςδολιχαίωνοςτιμῇσιφερίστους.

330 1505 410 1568 Item

373 1611 392 1672 3
415 1603 579 1672 πολλὰδὲ
595 1600 685 1672 δείλ’
704 1605 844 1690 έμποιο,
866 1602 948 1673 τάτ’
968 1602 1230 1691 ἀμβλύνουσι
1251 1612 1465 1693 μερίμνας.

329 1714 390 1775 228
414 1709 518 1796 μύρια
534 1706 838 1794 δειλὰπέλοντοι,
859 1706 939 1776 τάτ’
964 1705 1226 1795 ἀμβλύνουσι
1248 1715 1465 1796 μερίμνας.

416 1814 536 1880 Similis
552 1813 649 1880 studii
665 1814 698 1879 in
714 1815 853 1882 Lucretii
869 1816 1065 1882 carminibus
1084 1817 1204 1880 nullum
1228 1823 1348 1881 certum
1365 1815 1468 1879 vesti-

329 1919 416 2002 gium
433 1925 492 1984 est
533 1918 668 1984 Ceterae
690 1925 797 1984 autem
819 1919 1006 1985 iterationes
1022 1919 1255 2004 Enipedoeleae
1278 1919 1361 1984 tales
1380 1925 1464 1998 sunt,

329 2023 442 2105 quales
464 2022 498 2087 in
521 2042 576 2107 pg.
595 2025 679 2086 7-9
703 2022 869 2106 descripsi,
896 2043 990 2106 quae,
1017 2023 1044 2089 ai
1066 2023 1099 2088 in
1115 2022 1253 2089 Lucretii
1269 2021 1468 2086 carminibus

328 2125 543 2208 inveniantur,
570 2125 631 2192 nisi
654 2125 738 2190 alise
754 2146 874 2192 causae
889 2127 937 2192 eis
953 2127 1090 2208 obstent,
1108 2147 1172 2192 non
1187 2124 1362 2190 offendant.
1404 2125 1470 2189 Aut

329 2230 414 2295 enim
438 2230 575 2295 minores
598 2236 654 2294 aut
676 2228 812 2295 maiores
830 2231 1067 2296 enuntiatorum
1083 2236 1191 2315 partes
1207 2234 1405 2313 repetuntur,
1433 2235 1470 2291 ut

374 2353 436 2414 218
462 2347 636 2435 Κύπριδος
659 2347 696 2415 ἐν
718 2347 888 2435 παλάμῃς.

374 2457 436 2518 212
461 2451 635 2538 Κύπριδος
659 2451 695 2518 ἐν
718 2451 926 2538 παλάμῃσιν.

373 2562 434 2621 414
459 2553 574 2640 θυμὸν
596 2551 885 2642 ἀποῤῥοίσοντος.
934 2561 995 2622 435
1019 2553 1134 2638 θυμὸν
1150 2549 1415 2640 ἀποῤῥοίσοντε.

396 2665 436 2726 66
467 2662 525 2725 κοί
569 2654 658 2727 τοῦτ’
707 2654 975 2726 ἀλλάσσοντο
1021 2658 1258 2744 διαμπερὲς
1307 2651 1470 2739 σύδαμδ

503 2763 547 2828 λ’
587 2788 632 2828 ει.

395 2857 478 2951 7λῇ
511 2787 656 2931 δέγτάδ
704 2860 974 2932 ἀλλάσσουσα
1019 2863 1254 2948 διαμπερὲς
1299 2857 1472 2945 οὐδαμὰ

504 2968 634 3056 λήγει.

279 3203 285 3214 ι
394 3128 435 3187 94
460 3118 529 3187 ἀλλ’
548 3118 636 3190 οὔτ’
663 3123 943 3206 έστιντούτο,
970 3117 1018 3188 δι’
1037 3117 1474 3209 ἀλλήλωνδὲθέοντο

459 3231 658 3312 γίγνεται
683 3222 851 3292 ἀλλοίίεν
874 3222 959 3292 ἀλλο
983 3226 1141 3314 διηνεκὲς,
1168 3224 1240 3288 οἷίν
1263 3216 1378 3305 ὁμοῖοι.

377 3334 436 3394 108
460 3325 566 3396 αὐτὰ
610 3327 687 3416 γὰρ
733 3329 851 3396 ἔστιν
893 3336 1038 3410 τούτο,
1091 3323 1142 3394 δι’
1190 3321 1382 3412 ἀλλήλοιιν
1429 3327 1475 3390 δὲ

503 3439 662 3500 θέοντα

459 3541 659 3620 γίγνεται
683 3531 898 3600 ἀλλοιιοπά·
926 3533 1103 3612 διάπτυξις
1126 3530 1188 3618 γὰρ
1213 3527 1357 3613 ἀμείβει.

376 3645 435 3703 114
459 3634 560 3705 αύτδι
582 3636 655 3724 γὰρ
681 3638 791 3704 ἔστιν
806 3645 945 3716 τούτο,
973 3631 1019 3701 δι’
1045 3631 1227 3722 ἀλλήλοιν
1248 3633 1291 3698 δὲ
1316 3639 1477 3700 θέοντα

459 3737 624 3829 γίγνοντ’
650 3737 835 3827 ἄνθρωποί
857 3765 892 3805 τε
916 3741 972 3804 καὶ
996 3734 1107 3804 ἀλλων
1130 3737 1234 3805 έθνεο
1256 3741 1409 3822 θνητῶν.

394 3903 435 3962 ss
458 3899 517 3962 καὶ
538 3890 628 3964 ταῦτ’
654 3890 868 3961 ἆλλάσσοντο
891 3893 1076 3979 διαμπερὲς
1105 3887 1237 3975 ούδομδι
1259 3889 1364 3977 λήνει,

459 3996 615 4066 ἄλλοτε
651 4001 729 4083 μὲν
767 3993 973 4086 φιλότητι
1010 3987 1286 4081 συνερχόμεν’
1327 3993 1391 4070 εἰς
1433 3997 1482 4062 ἓν

503 4097 692 4185 ἅπαντα,

461 4201 609 4271 ἄλλοτε
633 4201 663 4271 δ’
682 4197 732 4274 ού
754 4199 836 4288 δίχ’
861 4203 1020 4268 έκοστο
1037 4199 1278 4288 φορεύμενα
1299 4204 1484 4280 νείκεος

502 4308 637 4391 ἔχθει.
