<?xml version="1.0" encoding="UTF-8"?>
<!DOCTYPE html PUBLIC "-//W3C//DTD XHTML 1.0 Transitional//EN"
    "http://www.w3.org/TR/xhtml1/DTD/xhtml1-transitional.dtd">
<html xmlns="http://www.w3.org/1999/xhtml" xml:lang="en" lang="en">
 <head>
  <title>
</title>
<meta http-equiv="Content-Type" content="text/html;charset=utf-8" />
  <meta name='ocr-system' content='tesseract 3.04.00' />
  <meta name='ocr-capabilities' content='ocr_page ocr_carea ocr_par ocr_line ocrx_word'/>
</head>
<body>
  <div class='ocr_page' id='page_1' title='image "./dissertationesp01stragoog_0878.png"; bbox 0 0 3268 4920; ppageno 0'>
   <div class='ocr_carea' id='block_1_1' title="bbox 702 387 1312 471">
    <p class='ocr_par' dir='ltr' id='par_1_1' title="bbox 702 387 1312 471">
     <span class='ocr_line' id='line_1_1' title="bbox 702 387 1312 471; baseline -0.003 -21"><span class='ocrx_word' id='word_1_1' title='bbox 702 387 787 471; x_wconf 69' lang='lat' dir='ltr'><strong>quse]</strong></span> <span class='ocrx_word' id='word_1_2' title='bbox 1253 387 1312 448; x_wconf 86' lang='lat' dir='ltr'><strong>roo</strong></span> 
     </span>
    </p>
   </div>
   <div class='ocr_carea' id='block_1_2' title="bbox 66 573 1315 3136">
    <p class='ocr_par' dir='ltr' id='par_1_2' title="bbox 176 573 1315 970">
     <span class='ocr_line' id='line_1_2' title="bbox 177 573 1315 660; baseline 0.001 -24"><span class='ocrx_word' id='word_1_3' title='bbox 177 573 219 636; x_wconf 83' lang='lat' dir='ltr'><strong>er&#39;t</strong></span> <span class='ocrx_word' id='word_1_4' title='bbox 242 575 398 657; x_wconf 80' lang='lat' dir='ltr'><strong>populum</strong></span> <span class='ocrx_word' id='word_1_5' title='bbox 422 577 624 660; x_wconf 66' lang='lat' dir='ltr'><strong>fulmentum</strong></span> <span class='ocrx_word' id='word_1_6' title='bbox 652 575 795 660; x_wconf 82' lang='lat' dir='ltr'><strong>acer&#39;pere</strong></span> <span class='ocrx_word' id='word_1_7' title='bbox 823 599 865 639; x_wconf 80' lang='lat' dir='ltr'><strong>aa</strong></span> <span class='ocrx_word' id='word_1_8' title='bbox 891 597 953 638; x_wconf 80' lang='lat' dir='ltr'><strong>non</strong></span> <span class='ocrx_word' id='word_1_9' title='bbox 982 575 1133 659; x_wconf 65' lang='lat' dir='ltr'><strong>(tempere,</strong></span> <span class='ocrx_word' id='word_1_10' title='bbox 1164 598 1242 659; x_wconf 82' lang='lat' dir='ltr'><strong>quoe</strong></span> <span class='ocrx_word' id='word_1_11' title='bbox 1264 575 1315 638; x_wconf 76' lang='lat' dir='ltr'><strong>in-</strong></span> 
     </span>
     <span class='ocr_line' id='line_1_3' title="bbox 176 677 1313 762; baseline 0.004 -24"><span class='ocrx_word' id='word_1_12' title='bbox 176 677 337 740; x_wconf 80' lang='lat' dir='ltr'><strong>commodo</strong></span> <span class='ocrx_word' id='word_1_13' title='bbox 359 687 432 740; x_wconf 65' lang='lat' dir='ltr'><strong>soret</strong></span> <span class='ocrx_word' id='word_1_14' title='bbox 453 679 485 740; x_wconf 83' lang='lat' dir='ltr'><strong>r&#39;rr</strong></span> <span class='ocrx_word' id='word_1_15' title='bbox 507 679 610 742; x_wconf 81' lang='lat' dir='ltr'><strong>altero</strong></span> <span class='ocrx_word' id='word_1_16' title='bbox 625 701 670 758; x_wconf 87' lang='lat' dir='ltr'><strong>re,</strong></span> <span class='ocrx_word' id='word_1_17' title='bbox 697 701 802 744; x_wconf 82' lang='lat' dir='ltr'><strong>severe</strong></span> <span class='ocrx_word' id='word_1_18' title='bbox 818 687 905 743; x_wconf 82' lang='lat' dir='ltr'><strong>curet</strong></span> <span class='ocrx_word' id='word_1_19' title='bbox 920 701 1111 743; x_wconf 80' lang='lat' dir='ltr'><strong>enumerare.</strong></span> <span class='ocrx_word' id='word_1_20' title='bbox 1151 677 1205 743; x_wconf 80' lang='lat' dir='ltr'><strong>Sic</strong></span> <span class='ocrx_word' id='word_1_21' title='bbox 1220 677 1313 762; x_wconf 88' lang='lat' dir='ltr'><strong>Kay-</strong></span> 
     </span>
     <span class='ocr_line' id='line_1_4' title="bbox 176 779 1310 867; baseline 0.002 -23"><span class='ocrx_word' id='word_1_22' title='bbox 176 799 268 844; x_wconf 86' lang='lat' dir='ltr'><strong>scrus</strong></span> <span class='ocrx_word' id='word_1_23' title='bbox 290 779 324 844; x_wconf 92' lang='lat' dir='ltr'><strong>in</strong></span> <span class='ocrx_word' id='word_1_24' title='bbox 346 781 440 846; x_wconf 84' lang='lat' dir='ltr'><strong>Corn.</strong></span> <span class='ocrx_word' id='word_1_25' title='bbox 466 781 518 846; x_wconf 92' lang='lat' dir='ltr'><strong>ed.</strong></span> <span class='ocrx_word' id='word_1_26' title='bbox 545 782 715 866; x_wconf 83' lang='lat' dir='ltr'><strong>peculiari,</strong></span> <span class='ocrx_word' id='word_1_27' title='bbox 742 781 826 848; x_wconf 89' lang='lat' dir='ltr'><strong>idern</strong></span> <span class='ocrx_word' id='word_1_28' title='bbox 852 801 908 867; x_wconf 89' lang='lat' dir='ltr'><strong>pro</strong></span> <span class='ocrx_word' id='word_1_29' title='bbox 937 805 1040 846; x_wconf 76' lang='lat' dir='ltr'><strong>revere</strong></span> <span class='ocrx_word' id='word_1_30' title='bbox 1068 781 1101 847; x_wconf 94' lang='lat' dir='ltr'><strong>in</strong></span> <span class='ocrx_word' id='word_1_31' title='bbox 1131 780 1310 866; x_wconf 76' lang='lat' dir='ltr'><strong>appendice</strong></span> 
     </span>
     <span class='ocr_line' id='line_1_5' title="bbox 176 883 1310 970; baseline 0.001 -23"><span class='ocrx_word' id='word_1_32' title='bbox 176 883 320 948; x_wconf 85' lang='lat' dir='ltr'><strong>eiusdem</strong></span> <span class='ocrx_word' id='word_1_33' title='bbox 343 883 494 950; x_wconf 79' lang='lat' dir='ltr'><strong>editionis</strong></span> <span class='ocrx_word' id='word_1_34' title='bbox 520 885 670 970; x_wconf 82' lang='lat' dir='ltr'><strong>proponit</strong></span> <span class='ocrx_word' id='word_1_35' title='bbox 694 909 778 960; x_wconf 66' lang='lat' dir='ltr'><strong>verm</strong></span> <span class='ocrx_word' id='word_1_36' title='bbox 806 885 838 952; x_wconf 95' lang='lat' dir='ltr'><strong>in</strong></span> <span class='ocrx_word' id='word_1_37' title='bbox 861 885 1037 952; x_wconf 86' lang='lat' dir='ltr'><strong>novissima</strong></span> <span class='ocrx_word' id='word_1_38' title='bbox 1058 883 1217 951; x_wconf 81' lang='lat' dir='ltr'><strong>Cornificii</strong></span> <span class='ocrx_word' id='word_1_39' title='bbox 1241 883 1310 950; x_wconf 89' lang='lat' dir='ltr'><strong>edi·</strong></span> 
     </span>
    </p>

    <p class='ocr_par' dir='ltr' id='par_1_3' title="bbox 66 986 1312 3136">
     <span class='ocr_line' id='line_1_6' title="bbox 177 986 1311 1056; baseline -0.002 -5"><span class='ocrx_word' id='word_1_40' title='bbox 177 987 262 1052; x_wconf 88' lang='lat' dir='ltr'><strong>tione</strong></span> <span class='ocrx_word' id='word_1_41' title='bbox 285 995 413 1053; x_wconf 88' lang='lat' dir='ltr'><strong>secutus</strong></span> <span class='ocrx_word' id='word_1_42' title='bbox 437 986 599 1055; x_wconf 87' lang='lat' dir='ltr'><strong>secundae</strong></span> <span class='ocrx_word' id='word_1_43' title='bbox 629 995 662 1055; x_wconf 89' lang='lat' dir='ltr'><strong>et</strong></span> <span class='ocrx_word' id='word_1_44' title='bbox 691 989 805 1056; x_wconf 84' lang='lat' dir='ltr'><strong>tertiae</strong></span> <span class='ocrx_word' id='word_1_45' title='bbox 834 989 977 1056; x_wconf 82' lang='lat' dir='ltr'><strong>familiae</strong></span> <span class='ocrx_word' id='word_1_46' title='bbox 1007 988 1132 1055; x_wconf 86' lang='lat' dir='ltr'><strong>codices</strong></span> <span class='ocrx_word' id='word_1_47' title='bbox 1162 987 1251 1054; x_wconf 82' lang='lat' dir='ltr'><strong>dedit</strong></span> <span class='ocrx_word' id='word_1_48' title='bbox 1279 987 1311 1050; x_wconf 81' lang='lat' dir='ltr'><strong>ia</strong></span> 
     </span>
     <span class='ocr_line' id='line_1_7' title="bbox 66 1071 1310 1177; baseline 0.002 -24"><span class='ocrx_word' id='word_1_49' title='bbox 66 1071 76 1086; x_wconf 63' lang='lat'>⁵</span> <span class='ocrx_word' id='word_1_50' title='bbox 176 1091 278 1154; x_wconf 77' lang='lat' dir='ltr'><strong>altero</strong></span> <span class='ocrx_word' id='word_1_51' title='bbox 300 1114 346 1168; x_wconf 83' lang='lat' dir='ltr'><strong>re,</strong></span> <span class='ocrx_word' id='word_1_52' title='bbox 370 1103 456 1156; x_wconf 72' lang='lat' dir='ltr'><strong>curet</strong></span> <span class='ocrx_word' id='word_1_53' title='bbox 477 1115 670 1157; x_wconf 80' lang='lat' dir='ltr'><strong>errumerure.</strong></span> <span class='ocrx_word' id='word_1_54' title='bbox 710 1093 816 1177; x_wconf 80' lang='lat' dir='ltr'><strong>Atque</strong></span> <span class='ocrx_word' id='word_1_55' title='bbox 830 1093 1020 1177; x_wconf 90' lang='lat' dir='ltr'><strong>optimorum</strong></span> <span class='ocrx_word' id='word_1_56' title='bbox 1036 1091 1178 1158; x_wconf 88' lang='lat' dir='ltr'><strong>codicum</strong></span> <span class='ocrx_word' id='word_1_57' title='bbox 1200 1090 1310 1157; x_wconf 88' lang='lat' dir='ltr'><strong>lectio·</strong></span> 
     </span>
     <span class='ocr_line' id='line_1_8' title="bbox 177 1193 1309 1282; baseline 0.002 -26"><span class='ocrx_word' id='word_1_58' title='bbox 177 1213 234 1258; x_wconf 88' lang='lat' dir='ltr'><strong>nes</strong></span> <span class='ocrx_word' id='word_1_59' title='bbox 264 1193 325 1260; x_wconf 86' lang='lat' dir='ltr'><strong>bae</strong></span> <span class='ocrx_word' id='word_1_60' title='bbox 355 1202 446 1261; x_wconf 85' lang='lat' dir='ltr'><strong>sunt:</strong></span> <span class='ocrx_word' id='word_1_61' title='bbox 479 1195 580 1260; x_wconf 83' lang='lat' dir='ltr'><strong>altero</strong></span> <span class='ocrx_word' id='word_1_62' title='bbox 606 1217 715 1261; x_wconf 80' lang='lat' dir='ltr'><strong>sertore</strong></span> <span class='ocrx_word' id='word_1_63' title='bbox 737 1207 824 1262; x_wconf 82' lang='lat' dir='ltr'><strong>curet</strong></span> <span class='ocrx_word' id='word_1_64' title='bbox 844 1205 1001 1261; x_wconf 77' lang='lat' dir='ltr'><strong>enumeret</strong></span> <span class='ocrx_word' id='word_1_65' title='bbox 1031 1195 1119 1282; x_wconf 88' lang='lat' dir='ltr'><strong>bep¹,</strong></span> <span class='ocrx_word' id='word_1_66' title='bbox 1147 1195 1209 1259; x_wconf 67' lang='lat' dir='ltr'><strong>nkl</strong></span> <span class='ocrx_word' id='word_1_67' title='bbox 1240 1194 1309 1274; x_wconf 80' lang='lat' dir='ltr'><strong>(nisi</strong></span> 
     </span>
     <span class='ocr_line' id='line_1_9' title="bbox 176 1297 1310 1392; baseline 0 -32"><span class='ocrx_word' id='word_1_68' title='bbox 176 1298 261 1380; x_wconf 89' lang='lat' dir='ltr'><strong>quod</strong></span> <span class='ocrx_word' id='word_1_69' title='bbox 280 1297 314 1361; x_wconf 83' lang='lat' dir='ltr'><strong>k¹</strong></span> <span class='ocrx_word' id='word_1_70' title='bbox 339 1301 476 1380; x_wconf 66' lang='lat' dir='ltr'><strong>reueraf,</strong></span> <span class='ocrx_word' id='word_1_71' title='bbox 500 1299 634 1364; x_wconf 82' lang='lat' dir='ltr'><strong>alterum</strong></span> <span class='ocrx_word' id='word_1_72' title='bbox 656 1321 722 1364; x_wconf 82' lang='lat' dir='ltr'><strong>rem</strong></span> <span class='ocrx_word' id='word_1_73' title='bbox 744 1322 821 1364; x_wconf 80' lang='lat' dir='ltr'><strong>nero</strong></span> <span class='ocrx_word' id='word_1_74' title='bbox 843 1309 931 1392; x_wconf 67' lang='lat' dir='ltr'><strong>cerret</strong></span> <span class='ocrx_word' id='word_1_75' title='bbox 953 1307 1110 1364; x_wconf 82' lang='lat' dir='ltr'><strong>enumeret</strong></span> <span class='ocrx_word' id='word_1_76' title='bbox 1134 1300 1182 1378; x_wconf 82' lang='lat' dir='ltr'><strong>k²‚</strong></span> <span class='ocrx_word' id='word_1_77' title='bbox 1208 1300 1310 1362; x_wconf 82' lang='lat' dir='ltr'><strong>altero</strong></span> 
     </span>
     <span class='ocr_line' id='line_1_10' title="bbox 177 1399 1311 1486; baseline 0 -22"><span class='ocrx_word' id='word_1_78' title='bbox 177 1423 212 1464; x_wconf 80' lang='lat' dir='ltr'><strong>re</strong></span> <span class='ocrx_word' id='word_1_79' title='bbox 230 1423 305 1464; x_wconf 79' lang='lat' dir='ltr'><strong>uera</strong></span> <span class='ocrx_word' id='word_1_80' title='bbox 320 1412 407 1466; x_wconf 76' lang='lat' dir='ltr'><strong>curer</strong></span> <span class='ocrx_word' id='word_1_81' title='bbox 422 1425 603 1466; x_wconf 84' lang='lat' dir='ltr'><strong>enumerare</strong></span> <span class='ocrx_word' id='word_1_82' title='bbox 623 1427 659 1484; x_wconf 87' lang='grc' dir='ltr'><strong>μ.</strong></span> <span class='ocrx_word' id='word_1_83' title='bbox 706 1403 846 1468; x_wconf 87' lang='lat' dir='ltr'><strong>Primum</strong></span> <span class='ocrx_word' id='word_1_84' title='bbox 870 1403 968 1486; x_wconf 80' lang='lat' dir='ltr'><strong>igitur</strong></span> <span class='ocrx_word' id='word_1_85' title='bbox 983 1401 1069 1486; x_wconf 89' lang='lat' dir='ltr'><strong>qnod</strong></span> <span class='ocrx_word' id='word_1_86' title='bbox 1083 1401 1176 1469; x_wconf 86' lang='lat' dir='ltr'><strong>codd.</strong></span> <span class='ocrx_word' id='word_1_87' title='bbox 1199 1399 1311 1485; x_wconf 77' lang='lat' dir='ltr'><strong>bep¹rr</strong></span> 
     </span>
     <span class='ocr_line' id='line_1_11' title="bbox 178 1487 1310 1592; baseline 0.002 -24"><span class='ocrx_word' id='word_1_88' title='bbox 178 1487 332 1586; x_wconf 53' lang='lat' dir='ltr'><strong>praebent</strong></span> <span class='ocrx_word' id='word_1_89' title='bbox 360 1507 462 1570; x_wconf 78' lang='lat' dir='ltr'><strong>olto-a</strong></span> <span class='ocrx_word' id='word_1_90' title='bbox 488 1529 521 1569; x_wconf 81' lang='lat' dir='ltr'><strong>ae</strong></span> <span class='ocrx_word' id='word_1_91' title='bbox 547 1557 552 1568; x_wconf 93' lang='lat'>.</span> <span class='ocrx_word' id='word_1_92' title='bbox 575 1553 581 1566; x_wconf 92' lang='lat'><strong>.</strong></span> <span class='ocrx_word' id='word_1_93' title='bbox 604 1557 610 1570; x_wconf 95' lang='lat'><strong>.</strong></span> <span class='ocrx_word' id='word_1_94' title='bbox 636 1505 670 1572; x_wconf 90' lang='lat' dir='ltr'><strong>id</strong></span> <span class='ocrx_word' id='word_1_95' title='bbox 700 1506 783 1572; x_wconf 86' lang='lat' dir='ltr'><strong>salso</strong></span> <span class='ocrx_word' id='word_1_96' title='bbox 812 1506 964 1592; x_wconf 88' lang='lat' dir='ltr'><strong>seriptum</strong></span> <span class='ocrx_word' id='word_1_97' title='bbox 996 1524 1070 1574; x_wconf 86' lang='lat' dir='ltr'><strong>esse</strong></span> <span class='ocrx_word' id='word_1_98' title='bbox 1098 1505 1224 1571; x_wconf 86' lang='lat' dir='ltr'><strong>videtur</strong></span> <span class='ocrx_word' id='word_1_99' title='bbox 1253 1525 1310 1588; x_wconf 88' lang='lat' dir='ltr'><strong>pro</strong></span> 
     </span>
     <span class='ocr_line' id='line_1_12' title="bbox 177 1608 1311 1695; baseline 0.003 -26"><span class='ocrx_word' id='word_1_100' title='bbox 177 1608 278 1671; x_wconf 76' lang='lat' dir='ltr'><strong>rrltma</strong></span> <span class='ocrx_word' id='word_1_101' title='bbox 309 1631 352 1688; x_wconf 84' lang='lat' dir='ltr'><strong>re,</strong></span> <span class='ocrx_word' id='word_1_102' title='bbox 389 1609 473 1692; x_wconf 91' lang='lat' dir='ltr'><strong>quod</strong></span> <span class='ocrx_word' id='word_1_103' title='bbox 507 1609 577 1675; x_wconf 93' lang='lat' dir='ltr'><strong>rell.</strong></span> <span class='ocrx_word' id='word_1_104' title='bbox 609 1631 720 1676; x_wconf 90' lang='lat' dir='ltr'><strong>omnes</strong></span> <span class='ocrx_word' id='word_1_105' title='bbox 753 1612 911 1695; x_wconf 80' lang='lat' dir='ltr'><strong>praebent</strong></span> <span class='ocrx_word' id='word_1_106' title='bbox 944 1609 1056 1689; x_wconf 83' lang='lat' dir='ltr'><strong>codd.;</strong></span> <span class='ocrx_word' id='word_1_107' title='bbox 1092 1610 1125 1675; x_wconf 90' lang='lat' dir='ltr'><strong>in</strong></span> <span class='ocrx_word' id='word_1_108' title='bbox 1153 1608 1311 1692; x_wconf 87' lang='lat' dir='ltr'><strong>scriptura</strong></span> 
     </span>
     <span class='ocr_line' id='line_1_13' title="bbox 177 1711 1312 1798; baseline 0.001 -24"><span class='ocrx_word' id='word_1_109' title='bbox 177 1711 260 1775; x_wconf 82' lang='lat' dir='ltr'><strong>eninr</strong></span> <span class='ocrx_word' id='word_1_110' title='bbox 277 1733 373 1794; x_wconf 71' lang='lat' dir='ltr'><strong>(qnam</strong></span> <span class='ocrx_word' id='word_1_111' title='bbox 390 1720 507 1779; x_wconf 85' lang='lat' dir='ltr'><strong>vocant</strong></span> <span class='ocrx_word' id='word_1_112' title='bbox 524 1713 767 1798; x_wconf 81' lang='lat' dir='ltr'><strong>Laugobardioa</strong></span> <span class='ocrx_word' id='word_1_113' title='bbox 781 1713 936 1781; x_wconf 83' lang='lat' dir='ltr'><strong>facillime</strong></span> <span class='ocrx_word' id='word_1_114' title='bbox 954 1713 1077 1780; x_wconf 79' lang='lat' dir='ltr'><strong>litteras</strong></span> <span class='ocrx_word' id='word_1_115' title='bbox 1099 1737 1114 1778; x_wconf 86' lang='lat' dir='ltr'><strong>a</strong></span> <span class='ocrx_word' id='word_1_116' title='bbox 1136 1720 1169 1779; x_wconf 89' lang='lat' dir='ltr'><strong>et</strong></span> <span class='ocrx_word' id='word_1_117' title='bbox 1189 1736 1207 1777; x_wconf 87' lang='lat' dir='ltr'><strong>r</strong></span> <span class='ocrx_word' id='word_1_118' title='bbox 1229 1711 1312 1776; x_wconf 85' lang='lat' dir='ltr'><strong>inter</strong></span> 
     </span>
     <span class='ocr_line' id='line_1_14' title="bbox 177 1816 1308 1903; baseline 0.002 -26"><span class='ocrx_word' id='word_1_119' title='bbox 177 1833 212 1878; x_wconf 90' lang='lat' dir='ltr'><strong>se</strong></span> <span class='ocrx_word' id='word_1_120' title='bbox 247 1816 434 1880; x_wconf 87' lang='lat' dir='ltr'><strong>commutari</strong></span> <span class='ocrx_word' id='word_1_121' title='bbox 470 1825 596 1882; x_wconf 80' lang='lat' dir='ltr'><strong>constat</strong></span> <span class='ocrx_word' id='word_1_122' title='bbox 624 1819 672 1900; x_wconf 83' lang='lat' dir='ltr'><strong>(ol.</strong></span> <span class='ocrx_word' id='word_1_123' title='bbox 701 1839 730 1884; x_wconf 91' lang='lat' dir='ltr'><strong>e.</strong></span> <span class='ocrx_word' id='word_1_124' title='bbox 755 1841 788 1902; x_wconf 79' lang='lat' dir='ltr'><strong>g.</strong></span> <span class='ocrx_word' id='word_1_125' title='bbox 815 1819 957 1903; x_wconf 85' lang='lat' dir='ltr'><strong>Spengel</strong></span> <span class='ocrx_word' id='word_1_126' title='bbox 980 1817 1040 1884; x_wconf 81' lang='lat' dir='ltr'><strong>ltu.</strong></span> <span class='ocrx_word' id='word_1_127' title='bbox 1066 1819 1108 1884; x_wconf 90' lang='lat' dir='ltr'><strong>M.</strong></span> <span class='ocrx_word' id='word_1_128' title='bbox 1134 1817 1209 1882; x_wconf 85' lang='lat' dir='ltr'><strong>XVI</strong></span> <span class='ocrx_word' id='word_1_129' title='bbox 1232 1836 1308 1900; x_wconf 86' lang='lat' dir='ltr'><strong>pag.</strong></span> 
     </span>
     <span class='ocr_line' id='line_1_15' title="bbox 178 1917 1312 2004; baseline 0.003 -24"><span class='ocrx_word' id='word_1_130' title='bbox 178 1921 263 1999; x_wconf 68' lang='lat' dir='ltr'><strong>ltttl.</strong></span> <span class='ocrx_word' id='word_1_131' title='bbox 313 1917 438 1985; x_wconf 81' lang='lat' dir='ltr'><strong>Deinde</strong></span> <span class='ocrx_word' id='word_1_132' title='bbox 467 1920 508 1985; x_wconf 90' lang='lat' dir='ltr'><strong>ab</strong></span> <span class='ocrx_word' id='word_1_133' title='bbox 539 1921 730 2004; x_wconf 88' lang='lat' dir='ltr'><strong>optimorum</strong></span> <span class='ocrx_word' id='word_1_134' title='bbox 759 1920 901 1986; x_wconf 86' lang='lat' dir='ltr'><strong>codicum</strong></span> <span class='ocrx_word' id='word_1_135' title='bbox 930 1921 1067 1988; x_wconf 88' lang='lat' dir='ltr'><strong>lectione</strong></span> <span class='ocrx_word' id='word_1_136' title='bbox 1094 1943 1203 1984; x_wconf 79' lang='lat' dir='ltr'><strong>seuero</strong></span> <span class='ocrx_word' id='word_1_137' title='bbox 1224 1929 1312 1984; x_wconf 74' lang='lat' dir='ltr'><strong>erret</strong></span> 
     </span>
     <span class='ocr_line' id='line_1_16' title="bbox 176 2021 1312 2108; baseline 0.005 -27"><span class='ocrx_word' id='word_1_138' title='bbox 176 2031 333 2086; x_wconf 73' lang='lat' dir='ltr'><strong>errrrmerot</strong></span> <span class='ocrx_word' id='word_1_139' title='bbox 354 2022 621 2106; x_wconf 78' lang='lat' dir='ltr'><strong>progrediendum</strong></span> <span class='ocrx_word' id='word_1_140' title='bbox 644 2029 703 2099; x_wconf 88' lang='lat' dir='ltr'><strong>est,</strong></span> <span class='ocrx_word' id='word_1_141' title='bbox 738 2043 801 2088; x_wconf 90' lang='lat' dir='ltr'><strong>non</strong></span> <span class='ocrx_word' id='word_1_142' title='bbox 830 2045 902 2089; x_wconf 90' lang='lat' dir='ltr'><strong>eum</strong></span> <span class='ocrx_word' id='word_1_143' title='bbox 924 2024 1071 2108; x_wconf 88' lang='lat' dir='ltr'><strong>Kaysero</strong></span> <span class='ocrx_word' id='word_1_144' title='bbox 1099 2022 1142 2088; x_wconf 87' lang='lat' dir='ltr'><strong>ad</strong></span> <span class='ocrx_word' id='word_1_145' title='bbox 1171 2021 1312 2088; x_wconf 90' lang='lat' dir='ltr'><strong>deterio-</strong></span> 
     </span>
     <span class='ocr_line' id='line_1_17' title="bbox 178 2123 1310 2202; baseline 0.004 -16"><span class='ocrx_word' id='word_1_146' title='bbox 178 2143 245 2188; x_wconf 89' lang='lat' dir='ltr'><strong>rum</strong></span> <span class='ocrx_word' id='word_1_147' title='bbox 268 2124 410 2190; x_wconf 87' lang='lat' dir='ltr'><strong>codicum</strong></span> <span class='ocrx_word' id='word_1_148' title='bbox 434 2123 527 2190; x_wconf 86' lang='lat' dir='ltr'><strong>fidem</strong></span> <span class='ocrx_word' id='word_1_149' title='bbox 552 2125 754 2192; x_wconf 88' lang='lat' dir='ltr'><strong>scribendum</strong></span> <span class='ocrx_word' id='word_1_150' title='bbox 776 2135 865 2192; x_wconf 68' lang='lat' dir='ltr'><strong>cerret</strong></span> <span class='ocrx_word' id='word_1_151' title='bbox 886 2147 1082 2202; x_wconf 69' lang='lat' dir='ltr'><strong>enarrer-arm</strong></span> <span class='ocrx_word' id='word_1_152' title='bbox 1120 2124 1216 2190; x_wconf 88' lang='lat' dir='ltr'><strong>immo</strong></span> <span class='ocrx_word' id='word_1_153' title='bbox 1239 2145 1310 2190; x_wconf 89' lang='lat' dir='ltr'><strong>eor-</strong></span> 
     </span>
     <span class='ocr_line' id='line_1_18' title="bbox 176 2227 1309 2314; baseline 0.002 -23"><span class='ocrx_word' id='word_1_154' title='bbox 176 2233 301 2310; x_wconf 87' lang='lat' dir='ltr'><strong>ruptum</strong></span> <span class='ocrx_word' id='word_1_155' title='bbox 332 2228 458 2294; x_wconf 88' lang='lat' dir='ltr'><strong>videtur</strong></span> <span class='ocrx_word' id='word_1_156' title='bbox 485 2237 582 2293; x_wconf 79' lang='lat' dir='ltr'><strong>curet.</strong></span> <span class='ocrx_word' id='word_1_157' title='bbox 635 2229 825 2314; x_wconf 84' lang='lat' dir='ltr'><strong>Scripserim</strong></span> <span class='ocrx_word' id='word_1_158' title='bbox 856 2231 1036 2313; x_wconf 64' lang='lat' dir='ltr'><strong>oscleoratjd,</strong></span> <span class='ocrx_word' id='word_1_159' title='bbox 1074 2227 1160 2312; x_wconf 88' lang='lat' dir='ltr'><strong>quod</strong></span> <span class='ocrx_word' id='word_1_160' title='bbox 1193 2227 1309 2294; x_wconf 85' lang='lat' dir='ltr'><strong>adver—</strong></span> 
     </span>
     <span class='ocr_line' id='line_1_19' title="bbox 177 2330 1310 2418; baseline 0.003 -25"><span class='ocrx_word' id='word_1_161' title='bbox 177 2330 262 2395; x_wconf 84' lang='lat' dir='ltr'><strong>bium</strong></span> <span class='ocrx_word' id='word_1_162' title='bbox 292 2332 410 2417; x_wconf 89' lang='lat' dir='ltr'><strong>optime</strong></span> <span class='ocrx_word' id='word_1_163' title='bbox 439 2332 481 2398; x_wconf 90' lang='lat' dir='ltr'><strong>ad</strong></span> <span class='ocrx_word' id='word_1_164' title='bbox 505 2333 602 2400; x_wconf 89' lang='lat' dir='ltr'><strong>totius</strong></span> <span class='ocrx_word' id='word_1_165' title='bbox 632 2333 827 2418; x_wconf 86' lang='lat' dir='ltr'><strong>pronuntiati</strong></span> <span class='ocrx_word' id='word_1_166' title='bbox 858 2353 986 2400; x_wconf 90' lang='lat' dir='ltr'><strong>sensum</strong></span> <span class='ocrx_word' id='word_1_167' title='bbox 1016 2331 1162 2415; x_wconf 83' lang='lat' dir='ltr'><strong>quadrat.</strong></span> <span class='ocrx_word' id='word_1_168' title='bbox 1210 2332 1247 2396; x_wconf 92' lang='lat' dir='ltr'><strong>ln</strong></span> <span class='ocrx_word' id='word_1_169' title='bbox 1270 2331 1310 2396; x_wconf 91' lang='lat' dir='ltr'><strong>iis</strong></span> 
     </span>
     <span class='ocr_line' id='line_1_20' title="bbox 175 2435 1310 2520; baseline 0.003 -22"><span class='ocrx_word' id='word_1_170' title='bbox 175 2439 281 2499; x_wconf 78' lang='lat' dir='ltr'><strong>etitem</strong></span> <span class='ocrx_word' id='word_1_171' title='bbox 311 2455 393 2518; x_wconf 86' lang='lat' dir='ltr'><strong>qnae</strong></span> <span class='ocrx_word' id='word_1_172' title='bbox 424 2443 548 2502; x_wconf 87' lang='lat' dir='ltr'><strong>restant</strong></span> <span class='ocrx_word' id='word_1_173' title='bbox 577 2437 677 2502; x_wconf 90' lang='lat' dir='ltr'><strong>tribus</strong></span> <span class='ocrx_word' id='word_1_174' title='bbox 705 2437 821 2504; x_wconf 87' lang='lat' dir='ltr'><strong>litteris</strong></span> <span class='ocrx_word' id='word_1_175' title='bbox 843 2459 900 2502; x_wconf 82' lang='lat' dir='ltr'><strong>uer</strong></span> <span class='ocrx_word' id='word_1_176' title='bbox 929 2437 1028 2504; x_wconf 82' lang='lat' dir='ltr'><strong>latere</strong></span> <span class='ocrx_word' id='word_1_177' title='bbox 1058 2435 1194 2518; x_wconf 84' lang='lat' dir='ltr'><strong>videtur,</strong></span> <span class='ocrx_word' id='word_1_178' title='bbox 1225 2435 1310 2520; x_wconf 91' lang='lat' dir='ltr'><strong>quod</strong></span> 
     </span>
     <span class='ocr_line' id='line_1_21' title="bbox 175 2537 1310 2625; baseline 0.004 -25"><span class='ocrx_word' id='word_1_179' title='bbox 175 2537 237 2602; x_wconf 88' lang='lat' dir='ltr'><strong>iam</strong></span> <span class='ocrx_word' id='word_1_180' title='bbox 255 2539 422 2622; x_wconf 84' lang='lat' dir='ltr'><strong>Kayserus</strong></span> <span class='ocrx_word' id='word_1_181' title='bbox 445 2541 619 2625; x_wconf 84' lang='lat' dir='ltr'><strong>perspexit,</strong></span> <span class='ocrx_word' id='word_1_182' title='bbox 646 2539 834 2606; x_wconf 85' lang='lat' dir='ltr'><strong>adverbium</strong></span> <span class='ocrx_word' id='word_1_183' title='bbox 857 2565 938 2619; x_wconf 84' lang='lat' dir='ltr'><strong>vere,</strong></span> <span class='ocrx_word' id='word_1_184' title='bbox 964 2548 997 2606; x_wconf 91' lang='lat' dir='ltr'><strong>ut</strong></span> <span class='ocrx_word' id='word_1_185' title='bbox 1018 2538 1129 2606; x_wconf 81' lang='lat' dir='ltr'><strong>addita</strong></span> <span class='ocrx_word' id='word_1_186' title='bbox 1150 2538 1310 2624; x_wconf 89' lang='lat' dir='ltr'><strong>particula</strong></span> 
     </span>
     <span class='ocr_line' id='line_1_22' title="bbox 174 2642 1309 2730; baseline 0.004 -26"><span class='ocrx_word' id='word_1_187' title='bbox 174 2642 359 2725; x_wconf 82' lang='lat' dir='ltr'><strong>copulativa</strong></span> <span class='ocrx_word' id='word_1_188' title='bbox 382 2644 434 2708; x_wconf 89' lang='lat' dir='ltr'><strong>vel</strong></span> <span class='ocrx_word' id='word_1_189' title='bbox 457 2653 487 2708; x_wconf 85' lang='lat' dir='ltr'><strong>et</strong></span> <span class='ocrx_word' id='word_1_190' title='bbox 508 2643 559 2710; x_wconf 89' lang='lat' dir='ltr'><strong>vel</strong></span> <span class='ocrx_word' id='word_1_191' title='bbox 582 2643 688 2728; x_wconf 90' lang='lat' dir='ltr'><strong>potius</strong></span> <span class='ocrx_word' id='word_1_192' title='bbox 710 2651 816 2730; x_wconf 82' lang='lat' dir='ltr'><strong>atque,</strong></span> <span class='ocrx_word' id='word_1_193' title='bbox 844 2665 927 2730; x_wconf 84' lang='lat' dir='ltr'><strong>quae</strong></span> <span class='ocrx_word' id='word_1_194' title='bbox 950 2651 1023 2710; x_wconf 86' lang='lat' dir='ltr'><strong>ante</strong></span> <span class='ocrx_word' id='word_1_195' title='bbox 1045 2652 1191 2708; x_wconf 74' lang='lat' dir='ltr'><strong>accurato</strong></span> <span class='ocrx_word' id='word_1_196' title='bbox 1213 2643 1309 2708; x_wconf 79' lang='lat' dir='ltr'><strong>facile</strong></span> 
     </span>
     <span class='ocr_line' id='line_1_23' title="bbox 175 2745 1309 2832; baseline 0.003 -25"><span class='ocrx_word' id='word_1_197' title='bbox 175 2745 366 2812; x_wconf 81' lang='lat' dir='ltr'><strong>intercidere</strong></span> <span class='ocrx_word' id='word_1_198' title='bbox 389 2747 501 2831; x_wconf 89' lang='lat' dir='ltr'><strong>potuit,</strong></span> <span class='ocrx_word' id='word_1_199' title='bbox 529 2748 625 2814; x_wconf 87' lang='lat' dir='ltr'><strong>totius</strong></span> <span class='ocrx_word' id='word_1_200' title='bbox 648 2747 709 2814; x_wconf 88' lang='lat' dir='ltr'><strong>loci</strong></span> <span class='ocrx_word' id='word_1_201' title='bbox 732 2747 827 2815; x_wconf 87' lang='lat' dir='ltr'><strong>lectio</strong></span> <span class='ocrx_word' id='word_1_202' title='bbox 849 2748 931 2816; x_wconf 89' lang='lat' dir='ltr'><strong>baec</strong></span> <span class='ocrx_word' id='word_1_203' title='bbox 955 2747 1021 2814; x_wconf 84' lang='lat' dir='ltr'><strong>sere</strong></span> <span class='ocrx_word' id='word_1_204' title='bbox 1043 2746 1101 2813; x_wconf 88' lang='lat' dir='ltr'><strong>sit:</strong></span> <span class='ocrx_word' id='word_1_205' title='bbox 1130 2770 1210 2832; x_wconf 81' lang='lat' dir='ltr'><strong>quae</strong></span> <span class='ocrx_word' id='word_1_206' title='bbox 1225 2769 1309 2810; x_wconf 86' lang='lat' dir='ltr'><strong>com-</strong></span> 
     </span>
     <span class='ocr_line' id='line_1_24' title="bbox 172 2848 1308 2936; baseline 0.004 -26"><span class='ocrx_word' id='word_1_207' title='bbox 172 2848 265 2910; x_wconf 84' lang='lat' dir='ltr'><strong>modo</strong></span> <span class='ocrx_word' id='word_1_208' title='bbox 287 2857 361 2912; x_wconf 67' lang='lat' dir='ltr'><strong>narrt</strong></span> <span class='ocrx_word' id='word_1_209' title='bbox 382 2849 416 2913; x_wconf 68' lang='grc' dir='ltr'><strong>ἐπ</strong></span> <span class='ocrx_word' id='word_1_210' title='bbox 430 2851 534 2914; x_wconf 83' lang='lat' dir='ltr'><strong>altero</strong></span> <span class='ocrx_word' id='word_1_211' title='bbox 556 2874 600 2932; x_wconf 86' lang='lat' dir='ltr'><strong>ro,</strong></span> <span class='ocrx_word' id='word_1_212' title='bbox 628 2853 704 2931; x_wconf 67' lang='lat' dir='ltr'><strong>oerJe</strong></span> <span class='ocrx_word' id='word_1_213' title='bbox 726 2856 825 2936; x_wconf 70' lang='lat' dir='ltr'><strong>arque)</strong></span> <span class='ocrx_word' id='word_1_214' title='bbox 847 2853 1018 2934; x_wconf 53' lang='lat' dir='ltr'><strong>osrsscuratlo]</strong></span> <span class='ocrx_word' id='word_1_215' title='bbox 1039 2859 1207 2916; x_wconf 81' lang='lat' dir='ltr'><strong>enumeret.</strong></span> <span class='ocrx_word' id='word_1_216' title='bbox 1244 2851 1308 2916; x_wconf 86' lang='lat' dir='ltr'><strong>Re-</strong></span> 
     </span>
     <span class='ocr_line' id='line_1_25' title="bbox 174 2950 1309 3038; baseline 0.005 -26"><span class='ocrx_word' id='word_1_217' title='bbox 174 2950 333 3033; x_wconf 85' lang='lat' dir='ltr'><strong>spondent</strong></span> <span class='ocrx_word' id='word_1_218' title='bbox 355 2959 461 3018; x_wconf 87' lang='lat' dir='ltr'><strong>autem</strong></span> <span class='ocrx_word' id='word_1_219' title='bbox 488 2951 570 3020; x_wconf 89' lang='lat' dir='ltr'><strong>haee</strong></span> <span class='ocrx_word' id='word_1_220' title='bbox 591 2954 654 3021; x_wconf 89' lang='lat' dir='ltr'><strong>dno</strong></span> <span class='ocrx_word' id='word_1_221' title='bbox 684 2954 839 3022; x_wconf 86' lang='lat' dir='ltr'><strong>adverbia</strong></span> <span class='ocrx_word' id='word_1_222' title='bbox 867 2954 908 3020; x_wconf 92' lang='lat' dir='ltr'><strong>iis</strong></span> <span class='ocrx_word' id='word_1_223' title='bbox 936 2975 1020 3038; x_wconf 86' lang='lat' dir='ltr'><strong>quae</strong></span> <span class='ocrx_word' id='word_1_224' title='bbox 1048 2960 1200 3020; x_wconf 86' lang='lat' dir='ltr'><strong>secuntur</strong></span> <span class='ocrx_word' id='word_1_225' title='bbox 1229 2952 1309 3019; x_wconf 78' lang='lat' dir='ltr'><strong>duo</strong></span> 
     </span>
     <span class='ocr_line' id='line_1_26' title="bbox 174 3053 1305 3136; baseline 0.005 -20"><span class='ocrx_word' id='word_1_226' title='bbox 174 3053 234 3119; x_wconf 89' lang='lat' dir='ltr'><strong>bus</strong></span> <span class='ocrx_word' id='word_1_227' title='bbox 265 3053 416 3120; x_wconf 88' lang='lat' dir='ltr'><strong>membris</strong></span> <span class='ocrx_word' id='word_1_228' title='bbox 447 3065 503 3120; x_wconf 80' lang='lat' dir='ltr'><strong>oet</strong></span> <span class='ocrx_word' id='word_1_229' title='bbox 536 3095 571 3105; x_wconf 92' lang='lat'><em>-</em></span> <span class='ocrx_word' id='word_1_230' title='bbox 604 3069 669 3123; x_wconf 80' lang='lat' dir='ltr'><strong>aut.</strong></span> <span class='ocrx_word' id='word_1_231' title='bbox 725 3059 820 3124; x_wconf 82' lang='lat' dir='ltr'><strong>Error</strong></span> <span class='ocrx_word' id='word_1_232' title='bbox 849 3059 925 3124; x_wconf 91' lang='lat' dir='ltr'><strong>inde</strong></span> <span class='ocrx_word' id='word_1_233' title='bbox 952 3057 1077 3124; x_wconf 86' lang='lat' dir='ltr'><strong>videtur</strong></span> <span class='ocrx_word' id='word_1_234' title='bbox 1104 3063 1193 3122; x_wconf 88' lang='lat' dir='ltr'><strong>ortus</strong></span> <span class='ocrx_word' id='word_1_235' title='bbox 1222 3075 1305 3136; x_wconf 89' lang='lat' dir='ltr'><strong>esse,</strong></span> 
     </span>
    </p>
   </div>
   <div class='ocr_carea' id='block_1_3' title="bbox 173 3156 1309 3326">
    <p class='ocr_par' dir='ltr' id='par_1_4' title="bbox 173 3156 1309 3326">
     <span class='ocr_line' id='line_1_27' title="bbox 173 3156 1309 3246; baseline 0.004 -26"><span class='ocrx_word' id='word_1_236' title='bbox 173 3156 258 3238; x_wconf 67' lang='lat' dir='ltr'><strong>equod</strong></span> <span class='ocrx_word' id='word_1_237' title='bbox 288 3157 321 3222; x_wconf 95' lang='lat' dir='ltr'><strong>in</strong></span> <span class='ocrx_word' id='word_1_238' title='bbox 352 3157 461 3226; x_wconf 87' lang='lat' dir='ltr'><strong>codiee</strong></span> <span class='ocrx_word' id='word_1_239' title='bbox 492 3161 669 3246; x_wconf 84' lang='lat' dir='ltr'><strong>archetypo</strong></span> <span class='ocrx_word' id='word_1_240' title='bbox 698 3161 819 3244; x_wconf 88' lang='lat' dir='ltr'><strong>aliquot</strong></span> <span class='ocrx_word' id='word_1_241' title='bbox 841 3162 968 3229; x_wconf 85' lang='lat' dir='ltr'><strong>litterae</strong></span> <span class='ocrx_word' id='word_1_242' title='bbox 996 3159 1221 3226; x_wconf 78' lang='lat' dir='ltr'><strong>interciderant</strong></span> <span class='ocrx_word' id='word_1_243' title='bbox 1250 3160 1309 3224; x_wconf 88' lang='lat' dir='ltr'><strong>boe</strong></span> 
     </span>
     <span class='ocr_line' id='line_1_28' title="bbox 175 3259 374 3326; baseline -0.005 -2"><span class='ocrx_word' id='word_1_244' title='bbox 175 3259 242 3325; x_wconf 83' lang='lat' dir='ltr'><strong>lere</strong></span> <span class='ocrx_word' id='word_1_245' title='bbox 265 3260 374 3326; x_wconf 90' lang='lat' dir='ltr'><strong>modo:</strong></span> 
     </span>
    </p>
   </div>
   <div class='ocr_carea' id='block_1_4' title="bbox 169 3363 1308 3864">
    <p class='ocr_par' dir='ltr' id='par_1_5' title="bbox 169 3363 1308 3864">
     <span class='ocr_line' id='line_1_29' title="bbox 231 3363 1289 3453; baseline 0.006 -26"><span class='ocrx_word' id='word_1_246' title='bbox 231 3363 544 3432; x_wconf 80' lang='lat' dir='ltr'>ALTERAREVER</span> <span class='ocrx_word' id='word_1_247' title='bbox 569 3416 689 3432; x_wconf 94' lang='grc'>.....</span> <span class='ocrx_word' id='word_1_248' title='bbox 716 3369 774 3432; x_wconf 86' lang='grc' dir='ltr'><strong>Α.</strong></span> <span class='ocrx_word' id='word_1_249' title='bbox 803 3368 957 3453; x_wconf 72' lang='lat' dir='ltr'><strong>ovranr</strong></span> <span class='ocrx_word' id='word_1_250' title='bbox 982 3417 988 3431; x_wconf 94' lang='lat'><em>.</em></span> <span class='ocrx_word' id='word_1_251' title='bbox 1015 3365 1251 3432; x_wconf 71' lang='lat' dir='ltr'><strong>unveisans</strong></span> <span class='ocrx_word' id='word_1_252' title='bbox 1285 3405 1289 3414; x_wconf 90' lang='lat'><strong>·</strong></span> 
     </span>
     <span class='ocr_line' id='line_1_30' title="bbox 260 3465 1308 3554; baseline 0 -22"><span class='ocrx_word' id='word_1_253' title='bbox 260 3465 361 3532; x_wconf 84' lang='lat' dir='ltr'><strong>Simili</strong></span> <span class='ocrx_word' id='word_1_254' title='bbox 389 3469 511 3534; x_wconf 87' lang='lat' dir='ltr'><strong>ratione</strong></span> <span class='ocrx_word' id='word_1_255' title='bbox 541 3469 574 3534; x_wconf 92' lang='lat' dir='ltr'><strong>iu</strong></span> <span class='ocrx_word' id='word_1_256' title='bbox 606 3469 677 3536; x_wconf 89' lang='lat' dir='ltr'><strong>loco</strong></span> <span class='ocrx_word' id='word_1_257' title='bbox 706 3491 747 3535; x_wconf 86' lang='lat' dir='ltr'><strong>ex</strong></span> <span class='ocrx_word' id='word_1_258' title='bbox 776 3479 889 3554; x_wconf 89' lang='lat' dir='ltr'><strong>quarto</strong></span> <span class='ocrx_word' id='word_1_259' title='bbox 919 3471 999 3537; x_wconf 92' lang='lat' dir='ltr'><strong>libro</strong></span> <span class='ocrx_word' id='word_1_260' title='bbox 1028 3468 1219 3554; x_wconf 88' lang='lat' dir='ltr'><strong>deprompto</strong></span> <span class='ocrx_word' id='word_1_261' title='bbox 1247 3469 1308 3534; x_wconf 87' lang='lat' dir='ltr'><strong>ali-</strong></span> 
     </span>
     <span class='ocr_line' id='line_1_31' title="bbox 172 3569 1308 3658; baseline 0.004 -26"><span class='ocrx_word' id='word_1_262' title='bbox 172 3575 249 3650; x_wconf 89' lang='lat' dir='ltr'><strong>quot</strong></span> <span class='ocrx_word' id='word_1_263' title='bbox 270 3569 397 3636; x_wconf 88' lang='lat' dir='ltr'><strong>litterae</strong></span> <span class='ocrx_word' id='word_1_264' title='bbox 418 3571 664 3638; x_wconf 88' lang='lat' dir='ltr'><strong>interoiderunt:</strong></span> <span class='ocrx_word' id='word_1_265' title='bbox 698 3574 752 3654; x_wconf 92' lang='lat' dir='ltr'><strong>IV,</strong></span> <span class='ocrx_word' id='word_1_266' title='bbox 775 3577 824 3656; x_wconf 86' lang='grc'><strong>18,</strong></span> <span class='ocrx_word' id='word_1_267' title='bbox 845 3579 884 3637; x_wconf 75' lang='lat'><strong>25</strong></span> <span class='ocrx_word' id='word_1_268' title='bbox 908 3597 980 3638; x_wconf 83' lang='lat' dir='ltr'><strong>nom</strong></span> <span class='ocrx_word' id='word_1_269' title='bbox 1003 3595 1091 3658; x_wconf 79' lang='lat' dir='ltr'><strong>quem</strong></span> <span class='ocrx_word' id='word_1_270' title='bbox 1113 3572 1146 3636; x_wconf 79' lang='lat' dir='ltr'><strong>in</strong></span> <span class='ocrx_word' id='word_1_271' title='bbox 1168 3572 1308 3637; x_wconf 80' lang='lat' dir='ltr'><strong>amicitie</strong></span> 
     </span>
     <span class='ocr_line' id='line_1_32' title="bbox 169 3671 1308 3762; baseline 0.006 -29"><span class='ocrx_word' id='word_1_272' title='bbox 169 3671 373 3754; x_wconf 78' lang='lat' dir='ltr'><strong>perfidiosum</strong></span> <span class='ocrx_word' id='word_1_273' title='bbox 391 3675 588 3760; x_wconf 55' lang='lat' dir='ltr'><strong>commeare,</strong></span> <span class='ocrx_word' id='word_1_274' title='bbox 613 3699 680 3740; x_wconf 83' lang='lat' dir='ltr'><strong>eum</strong></span> <span class='ocrx_word' id='word_1_275' title='bbox 704 3701 765 3762; x_wconf 82' lang='lat' dir='ltr'><strong>quo</strong></span> <span class='ocrx_word' id='word_1_276' title='bbox 787 3700 822 3742; x_wconf 88' lang='lat' dir='ltr'><strong>re</strong></span> <span class='ocrx_word' id='word_1_277' title='bbox 837 3687 934 3762; x_wconf 77' lang='lat' dir='ltr'><strong>potor</strong></span> <span class='ocrx_word' id='word_1_278' title='bbox 956 3675 1134 3742; x_wconf 76' lang='lat' dir='ltr'><strong>inimicitias</strong></span> <span class='ocrx_word' id='word_1_279' title='bbox 1157 3697 1226 3741; x_wconf 80' lang='lat' dir='ltr'><strong>cam</strong></span> <span class='ocrx_word' id='word_1_280' title='bbox 1235 3676 1308 3760; x_wconf 79' lang='lat' dir='ltr'><strong>fide</strong></span> 
     </span>
     <span class='ocr_line' id='line_1_33' title="bbox 173 3777 1308 3864; baseline 0.006 -29"><span class='ocrx_word' id='word_1_281' title='bbox 173 3783 277 3840; x_wconf 71' lang='lat' dir='ltr'><strong>tencre</strong></span> <span class='ocrx_word' id='word_1_282' title='bbox 302 3781 422 3858; x_wconf 73' lang='lat' dir='ltr'><strong>poree?</strong></span> <span class='ocrx_word' id='word_1_283' title='bbox 465 3779 503 3844; x_wconf 94' lang='lat' dir='ltr'><strong>In</strong></span> <span class='ocrx_word' id='word_1_284' title='bbox 534 3777 695 3846; x_wconf 84' lang='lat' dir='ltr'><strong>codicibus</strong></span> <span class='ocrx_word' id='word_1_285' title='bbox 726 3801 797 3845; x_wconf 89' lang='lat' dir='ltr'><strong>cum</strong></span> <span class='ocrx_word' id='word_1_286' title='bbox 828 3781 977 3864; x_wconf 84' lang='lat' dir='ltr'><strong>legantur</strong></span> <span class='ocrx_word' id='word_1_287' title='bbox 1011 3779 1108 3846; x_wconf 85' lang='lat' dir='ltr'><strong>haee:</strong></span> <span class='ocrx_word' id='word_1_288' title='bbox 1147 3801 1218 3844; x_wconf 80' lang='lat' dir='ltr'><strong>cum</strong></span> <span class='ocrx_word' id='word_1_289' title='bbox 1235 3779 1308 3864; x_wconf 82' lang='lat' dir='ltr'><strong>fide</strong></span> 
     </span>
    </p>
   </div>
   <div class='ocr_carea' id='block_1_5' title="bbox 157 3881 1308 4390">
    <p class='ocr_par' dir='ltr' id='par_1_6' title="bbox 157 3881 1308 4390">
     <span class='ocr_line' id='line_1_34' title="bbox 174 3881 1307 3968; baseline 0.005 -28"><span class='ocrx_word' id='word_1_290' title='bbox 174 3901 297 3961; x_wconf 70' lang='lat' dir='ltr'><strong>reposce</strong></span> <span class='ocrx_word' id='word_1_291' title='bbox 320 3881 384 3964; x_wconf 84' lang='lat' dir='ltr'><strong>p¹i‚</strong></span> <span class='ocrx_word' id='word_1_292' title='bbox 423 3903 492 3944; x_wconf 82' lang='lat' dir='ltr'><strong>cum</strong></span> <span class='ocrx_word' id='word_1_293' title='bbox 508 3881 581 3966; x_wconf 76' lang='lat' dir='ltr'><strong>ficte</strong></span> <span class='ocrx_word' id='word_1_294' title='bbox 603 3903 764 3966; x_wconf 81' lang='lat' dir='ltr'><strong>reposcere</strong></span> <span class='ocrx_word' id='word_1_295' title='bbox 794 3887 840 3968; x_wconf 68' lang='lat' dir='ltr'><strong>pl,</strong></span> <span class='ocrx_word' id='word_1_296' title='bbox 877 3907 934 3948; x_wconf 79' lang='lat' dir='ltr'><strong>corr</strong></span> <span class='ocrx_word' id='word_1_297' title='bbox 979 3906 1030 3948; x_wconf 85' lang='lat' dir='ltr'><strong>ere</strong></span> <span class='ocrx_word' id='word_1_298' title='bbox 1055 3905 1149 3966; x_wconf 79' lang='lat' dir='ltr'><strong>posce</strong></span> <span class='ocrx_word' id='word_1_299' title='bbox 1171 3883 1203 3963; x_wconf 89' lang='lat' dir='ltr'><strong>b,</strong></span> <span class='ocrx_word' id='word_1_300' title='bbox 1239 3903 1307 3946; x_wconf 82' lang='lat' dir='ltr'><strong>eum</strong></span> 
     </span>
     <span class='ocr_line' id='line_1_35' title="bbox 165 3981 1306 4071; baseline 0.004 -27"><span class='ocrx_word' id='word_1_301' title='bbox 165 3981 231 4060; x_wconf 75' lang='lat' dir='ltr'><strong>fide</strong></span> <span class='ocrx_word' id='word_1_302' title='bbox 254 3992 357 4048; x_wconf 79' lang='lat' dir='ltr'><strong>terrere</strong></span> <span class='ocrx_word' id='word_1_303' title='bbox 368 4006 461 4067; x_wconf 81' lang='lat' dir='ltr'><strong>posce</strong></span> <span class='ocrx_word' id='word_1_304' title='bbox 476 3989 537 4068; x_wconf 58' lang='grc' dir='ltr'><strong>μ’,</strong></span> <span class='ocrx_word' id='word_1_305' title='bbox 562 3989 623 4066; x_wconf 76' lang='lat' dir='ltr'><strong>¹ou,</strong></span> <span class='ocrx_word' id='word_1_306' title='bbox 643 4009 680 4071; x_wconf 86' lang='grc' dir='ltr'><strong>φ,</strong></span> <span class='ocrx_word' id='word_1_307' title='bbox 708 4008 777 4050; x_wconf 75' lang='lat' dir='ltr'><strong>cum</strong></span> <span class='ocrx_word' id='word_1_308' title='bbox 786 3987 859 4069; x_wconf 77' lang='lat' dir='ltr'><strong>fide</strong></span> <span class='ocrx_word' id='word_1_309' title='bbox 882 3987 1016 4052; x_wconf 78' lang='lat' dir='ltr'><strong>retinere</strong></span> <span class='ocrx_word' id='word_1_310' title='bbox 1035 4008 1127 4070; x_wconf 79' lang='lat' dir='ltr'><strong>posse</strong></span> <span class='ocrx_word' id='word_1_311' title='bbox 1149 4006 1213 4070; x_wconf 89' lang='lat' dir='ltr'><strong>eo,</strong></span> <span class='ocrx_word' id='word_1_312' title='bbox 1239 4008 1306 4049; x_wconf 79' lang='lat' dir='ltr'><strong>com</strong></span> 
     </span>
     <span class='ocr_line' id='line_1_36' title="bbox 157 4085 1308 4174; baseline 0.005 -26"><span class='ocrx_word' id='word_1_313' title='bbox 157 4087 230 4170; x_wconf 78' lang='lat' dir='ltr'><strong>fido</strong></span> <span class='ocrx_word' id='word_1_314' title='bbox 253 4087 367 4152; x_wconf 78' lang='lat' dir='ltr'><strong>dobere</strong></span> <span class='ocrx_word' id='word_1_315' title='bbox 386 4111 479 4171; x_wconf 78' lang='lat' dir='ltr'><strong>posse</strong></span> <span class='ocrx_word' id='word_1_316' title='bbox 502 4089 571 4155; x_wconf 92' lang='lat' dir='ltr'><strong>rell.</strong></span> <span class='ocrx_word' id='word_1_317' title='bbox 604 4085 759 4174; x_wconf 56' lang='lat' dir='ltr'><strong>pompe,</strong></span> <span class='ocrx_word' id='word_1_318' title='bbox 795 4091 849 4155; x_wconf 84' lang='lat' dir='ltr'><strong>vix</strong></span> <span class='ocrx_word' id='word_1_319' title='bbox 873 4097 924 4158; x_wconf 90' lang='lat' dir='ltr'><strong>est</strong></span> <span class='ocrx_word' id='word_1_320' title='bbox 945 4089 1076 4156; x_wconf 89' lang='lat' dir='ltr'><strong>dubium</strong></span> <span class='ocrx_word' id='word_1_321' title='bbox 1099 4089 1177 4172; x_wconf 88' lang='lat' dir='ltr'><strong>quin</strong></span> <span class='ocrx_word' id='word_1_322' title='bbox 1199 4089 1232 4155; x_wconf 96' lang='lat' dir='ltr'><strong>in</strong></span> <span class='ocrx_word' id='word_1_323' title='bbox 1253 4109 1308 4156; x_wconf 88' lang='lat' dir='ltr'><strong>co-</strong></span> 
     </span>
     <span class='ocr_line' id='line_1_37' title="bbox 170 4187 1307 4277; baseline 0.004 -24"><span class='ocrx_word' id='word_1_324' title='bbox 170 4187 241 4256; x_wconf 90' lang='lat' dir='ltr'><strong>dice</strong></span> <span class='ocrx_word' id='word_1_325' title='bbox 263 4189 437 4277; x_wconf 85' lang='lat' dir='ltr'><strong>archetypo</strong></span> <span class='ocrx_word' id='word_1_326' title='bbox 468 4191 588 4277; x_wconf 85' lang='lat' dir='ltr'><strong>scripta</strong></span> <span class='ocrx_word' id='word_1_327' title='bbox 618 4191 736 4258; x_wconf 84' lang='lat' dir='ltr'><strong>inerint</strong></span> <span class='ocrx_word' id='word_1_328' title='bbox 766 4191 862 4260; x_wconf 86' lang='lat' dir='ltr'><strong>haee:</strong></span> <span class='ocrx_word' id='word_1_329' title='bbox 898 4191 1089 4260; x_wconf 80' lang='lat' dir='ltr'><strong>OVMFIDE</strong></span> <span class='ocrx_word' id='word_1_330' title='bbox 1115 4241 1122 4255; x_wconf 93' lang='lat'>.</span> <span class='ocrx_word' id='word_1_331' title='bbox 1144 4240 1152 4258; x_wconf 88' lang='lat'><strong>.</strong></span> <span class='ocrx_word' id='word_1_332' title='bbox 1174 4242 1180 4256; x_wconf 95' lang='lat'><em>.</em></span> <span class='ocrx_word' id='word_1_333' title='bbox 1202 4243 1209 4257; x_wconf 85' lang='lat'><strong>.</strong></span> <span class='ocrx_word' id='word_1_334' title='bbox 1235 4193 1307 4258; x_wconf 79' lang='lat' dir='ltr'><strong>RE-</strong></span> 
     </span>
     <span class='ocr_line' id='line_1_38' title="bbox 170 4293 1305 4390; baseline 0.008 -34"><span class='ocrx_word' id='word_1_335' title='bbox 170 4293 310 4374; x_wconf 68' lang='lat' dir='ltr'>POSSE,</span> <span class='ocrx_word' id='word_1_336' title='bbox 341 4293 387 4360; x_wconf 86' lang='lat' dir='ltr'><strong>ita</strong></span> <span class='ocrx_word' id='word_1_337' title='bbox 409 4301 444 4361; x_wconf 90' lang='lat' dir='ltr'><strong>ut</strong></span> <span class='ocrx_word' id='word_1_338' title='bbox 466 4295 549 4364; x_wconf 90' lang='lat' dir='ltr'><strong>inter</strong></span> <span class='ocrx_word' id='word_1_339' title='bbox 558 4295 631 4381; x_wconf 79' lang='lat' dir='ltr'><strong>fide</strong></span> <span class='ocrx_word' id='word_1_340' title='bbox 653 4301 685 4361; x_wconf 90' lang='lat' dir='ltr'><strong>et</strong></span> <span class='ocrx_word' id='word_1_341' title='bbox 707 4317 741 4360; x_wconf 81' lang='lat' dir='ltr'><strong>re</strong></span> <span class='ocrx_word' id='word_1_342' title='bbox 764 4297 881 4365; x_wconf 83' lang='lat' dir='ltr'><strong>lacuna</strong></span> <span class='ocrx_word' id='word_1_343' title='bbox 903 4302 988 4365; x_wconf 89' lang='lat' dir='ltr'><strong>esset</strong></span> <span class='ocrx_word' id='word_1_344' title='bbox 1010 4300 1162 4390; x_wconf 83' lang='lat' dir='ltr'><strong>quattuor</strong></span> <span class='ocrx_word' id='word_1_345' title='bbox 1184 4298 1305 4368; x_wconf 86' lang='lat' dir='ltr'><strong>littera·</strong></span> 
     </span>
    </p>
   </div>
   <div class='ocr_carea' id='block_1_6' title="bbox 0 0 1638 4920">
    <p class='ocr_par' dir='ltr' id='par_1_7' title="bbox 0 0 1638 4920">
     <span class='ocr_line' id='line_1_39' title="bbox 0 0 1638 4920; baseline 0 0"><span class='ocrx_word' id='word_1_346' title='bbox 0 0 1638 4920; x_wconf 95' lang='lat' dir='ltr'><strong> </strong></span> 
     </span>
    </p>
   </div>
  </div>
 </body>
</html>
