3274 4938
326 395 345 458 s
774 431 813 441 -
863 393 937 478 [ca]
985 430 1025 441 -

326 589 462 656 Stobaco
486 589 650 667 debentur,
672 609 780 654 versus
806 587 1008 655 12291230
1031 588 1209 664 Athenae03
1232 611 1339 658 versus
1361 595 1469 657 autem

327 697 421 763 1227.
439 696 523 768 1228
537 696 724 762 Mimnermo
738 696 844 780 potius
866 696 1071 764 vindicandos
1089 717 1158 763 csse
1171 698 1293 764 monuit
1306 697 1468 783 Berglrius

413 804 493 870 Tum
520 805 575 887 qui
603 810 778 888 sequuntur
805 824 913 870 versus
939 804 1013 870 inde
1036 826 1056 870 a
1078 815 1170 870 versu
1195 805 1277 870 1231
1307 826 1405 888 usque
1427 805 1468 869 ad

324 909 418 978 finem
440 913 539 978 totius
567 911 760 978 collectionis
788 912 873 978 solus
896 912 1032 978 serravit
1055 912 1085 976 Α
1108 911 1220 989 codex,
1247 912 1302 978 ubi
1327 911 1470 996 inscripti

324 1025 411 1085 sunt:
434 1017 589 1104 ἐλεγείων
613 1014 666 1083 B'.

367 1214 371 1220 ³
412 1125 544 1190 Praeter
571 1125 781 1191 Mutinensem
808 1145 879 1191 cum
906 1125 961 1191 alii
989 1131 1021 1191 et
1049 1125 1139 1191 multi
1167 1125 1241 1190 libri
1264 1125 1470 1210 manuscripti

324 1233 442 1317 cogniti
474 1233 537 1299 siut
569 1237 665 1316 atque
698 1233 817 1310 collati,
849 1232 953 1298 nullus
981 1233 1065 1298 illius
1093 1233 1142 1298 vel
1170 1233 1393 1318 antiquitatem
1419 1232 1470 1298 vel

323 1339 550 1426 praestantiam
574 1340 739 1423 adaequat.
786 1340 931 1406 Proxime
955 1341 995 1404 ad
1019 1361 1090 1406 eum
1113 1341 1235 1406 accedit
1258 1341 1355 1406 codex
1378 1339 1468 1406 Vati·

323 1470 419 1515 canus
455 1451 481 1512 O
511 1447 718 1532 bombycinus
754 1449 878 1514 saeculo
910 1447 984 1512 XIV
1021 1449 1150 1514 ineunte
1181 1447 1373 1535 exaratus‚¹)
1405 1449 1469 1512 iam

324 1555 504 1622 Camerario
522 1563 616 1621 notus
634 1560 730 1639 atque
745 1576 765 1620 a
778 1554 920 1639 Zieglero
939 1554 1005 1620 fere
1023 1575 1062 1620 ea
1080 1577 1143 1638 qua
1155 1577 1214 1641 par
1227 1555 1289 1620 11111
1303 1555 1469 1638 diligentia

324 1683 484 1739 excussum
512 1663 651 1729 continet
679 1668 785 1728 autem
812 1662 938 1728 eosdem
966 1684 1071 1728 versus
1099 1685 1136 1728 ac
1164 1662 1388 1750 Mutinensis)
1411 1683 1468 1728 ex-

323 1777 414 1854 cepto
444 1775 481 1834 ut
513 1791 609 1855 supra
640 1769 776 1835 diximus
807 1769 889 1835 libro
921 1769 1031 1836 altero.
1086 1770 1135 1834 Ex
1162 1772 1269 1837 codice
1300 1774 1326 1835 O
1352 1769 1468 1835 librum

323 1877 479 1944 Venatum
510 1879 546 1941 K
576 1877 679 1942 minus
715 1883 928 1960 praestantem
966 1877 1157 1962 descriptum
1194 1899 1260 1944 csse
1292 1879 1468 1944 docuerunt

323 1983 457 2049 adolfus
489 1983 656 2070 Hartius³)
694 1989 727 2050 et
762 1983 968 2070 Zieglerus.⁴)
1023 1983 1102 2050 Cum
1133 1985 1230 2050 ceteri
1262 1985 1397 2062 codices,
1429 2007 1469 2050 ex

323 2091 437 2174 quibus
478 2091 655 2168 Bekkerus,
696 2092 722 2155 si
754 2098 840 2157 recte
872 2093 1047 2168 numeravi,
1083 2092 1276 2176 quindecim,
1312 2091 1468 2176 Berglc'us

323 2199 536 2282 septendecim
571 2198 721 2264 lectiones
755 2199 803 2264 vel
835 2200 974 2283 integras
1006 2200 1056 2265 vel
1092 2199 1225 2266 selectas
1256 2199 1469 2283 Theognidcis

323 2305 589 2390 subscripserunt,
616 2308 688 2390 plus
715 2305 855 2372 minusve
883 2306 1042 2372 inferioris
1065 2306 1131 2372 sint
1151 2314 1245 2373 notae
1268 2329 1305 2372 ao
1328 2305 1468 2371 multifa-

323 2413 405 2477 riam
427 2413 621 2496 interpolati,
648 2413 769 2478 nullum
797 2412 862 2479 iere
890 2412 1025 2480 fructum
1049 2415 1091 2480 ad
1115 2415 1211 2480 crisin
1233 2413 1468 2497 Theognidcam

324 2519 567 2603 promovendam
594 2521 668 2586 inde
692 2520 762 2604 capi
778 2541 877 2603 posse
900 2521 960 2586 viri
983 2521 1069 2586 docti
1093 2521 1300 2587 consentiunt.

858 2900 929 2983 ΙΙΙ.

411 3142 476 3206 lam
495 3161 579 3218 vero,
602 3143 685 3206 unde
703 3143 935 3225 argumentatio
953 3147 1062 3208 nostra
1081 3142 1175 3208 debet
1193 3141 1357 3228 proficisci,
1380 3165 1465 3210 sum·

321 3249 455 3314 marium
477 3269 622 3314 versuum
650 3248 723 3314 libri
748 3247 903 3334 ἐλεγείων
926 3245 960 3314 a'
985 3250 1141 3334 inscripti,
1169 3251 1280 3335 quiin
1303 3251 1466 3318 codicibus

321 3355 448 3438 optimis
472 3355 501 3418 A
525 3361 558 3420 et
584 3358 611 3419 0
637 3355 764 3441 repetiti
795 3357 957 3441 leguntur,
989 3378 1206 3442 congeremus,
1237 3365 1275 3425 ut
1305 3360 1399 3425 simul
1432 3367 1466 3424 et

321 3483 427 3528 versus
459 3462 597 3527 variatos
629 3462 832 3548 codicumqne
866 3465 1094 3548 discrepantias
1121 3487 1303 3550 cognoscas,
1335 3471 1367 3531 et
1399 3487 1464 3548 quo

321 3570 453 3652 quisque
476 3569 545 3635 loco
568 3589 676 3634 versus
698 3571 827 3654 repetiti
849 3572 913 3636 sint
935 3571 1121 3656 perspiciam

410 3783 429 3846 1)
448 3782 552 3849 Sequor
570 3783 713 3852 Hugonem
732 3784 881 3839 ilinckium
900 3783 928 3838 in
947 3784 1038 3841 annal.
1058 3784 1154 3854 philol.
1175 3787 1243 3842 1868
1262 3803 1287 3855 p.
1307 3788 1367 3843 333.

409 3869 430 3936 ²)
448 3869 502 3924 nisi
526 3871 597 3939 quod
621 3889 714 3928 versus
738 3873 798 3929 385.
817 3875 869 3929 986
888 3873 916 3928 10
936 3877 960 3927 Α
979 3889 1029 3943 per
1048 3889 1168 3929 errorem
1186 3873 1279 3930 omissi
1298 3883 1361 3931 sunt
1380 3884 1464 3945 qteste

239 3993 240 3996 η
320 3959 353 4011 ll.
373 3957 483 4028 Noltic).

409 4049 429 4114 ³)
449 4049 480 4103 ln
499 4049 590 4105 annal.
610 4051 705 4120 philol.
726 4053 796 4107 1868
815 4069 841 4122 p.
860 4053 913 4108 333
931 4069 991 4122 sqq.

408 4137 429 4202 1)
448 4137 514 4193 ibid.
533 4156 559 4208 p.
579 4141 631 4194 929
650 4157 709 4210 sqq.
