3280 4934
339 384 380 448 12
571 367 578 401 l
737 385 1043 468 w-[156]-

335 583 383 646 ita
404 579 575 646 cohaerent
597 585 654 645 ant
677 581 868 657 coaluerunt,
895 588 932 647 ut
953 582 1068 646 lemma
1090 587 1146 646 aut
1169 579 1336 664 explicatio
1360 578 1477 662 ubique

335 709 404 754 cum
428 693 576 753 contextu
600 689 798 773 congruat1).

424 795 472 860 Ex
495 795 641 861 undecim
666 801 787 872 autem,
813 816 895 878 quae
918 797 1061 879 integrae
1085 795 1190 860 adhuc
1211 799 1334 870 extant,
1361 792 1477 858 fabulis

335 909 371 966 ut
393 909 458 968 tres
477 903 659 968 tractandas
677 902 835 986 eligerem,
857 903 997 986 Equites,
1020 902 1366 987 Thesmophoriauusas,
1388 901 1477 984 Lysi·

335 1013 481 1088 stratam,
512 1010 574 1076 hoc
599 1031 649 1074 me
681 1012 863 1088 commouit,
895 1011 980 1094 quod
1008 1011 1119 1076 harum
1147 1017 1272 1074 tautum
1299 1007 1477 1072 comoedia-

336 1139 406 1181 rum
433 1117 465 1180 in
493 1116 638 1183 manibus
666 1118 782 1182 nostris
811 1123 859 1182 est
885 1123 1033 1182 accurata
1060 1139 1131 1182 cum
1159 1115 1320 1182 codicibus
1343 1115 1477 1182 collatio.

337 1223 500 1308 lidulphus
524 1225 563 1289 de
590 1224 705 1290 Velsen
733 1225 816 1290 enim
843 1246 925 1290 anno
952 1224 982 1288 h.
1004 1247 1027 1288 s.
1046 1223 1197 1289 LXVlIlI
1225 1223 1399 1288 undecim
1421 1220 1477 1286 sa·

334 1331 507 1396 bularum
550 1331 820 1415 Aristophanis
861 1353 978 1396 nouae
1020 1332 1255 1398 recensionis
1301 1337 1479 1412 tanquam

336 1439 605 1522 promulsidem
632 1438 808 1523 Equitum
842 1438 1008 1503 sahulem
1039 1438 1158 1522 publici
1187 1439 1263 1504 iuris
1291 1437 1379 1512 iecit,
1410 1441 1479 1500 tum

336 1567 363 1610 a.
390 1545 472 1610 1871
498 1544 530 1607 in
553 1544 660 1609 libello
687 1547 741 1628 qui
770 1545 966 1611 inscribitur:
994 1545 1137 1624 „Ueber
1163 1546 1235 1610 den
1263 1544 1385 1609 Codex
1411 1543 1478 1608 Ur·

337 1651 446 1716 binas
469 1651 535 1716 der
553 1650 771 1736 Lysistrata
792 1653 866 1718 und
890 1653 957 1718 der
974 1652 1389 1737 Thesmophoriazuseu
1413 1651 1478 1714 des

338 1757 634 1841 Aristophanes“
662 1759 850 1824 Vrbinatcm
873 1759 962 1824 illum
985 1760 1100 1825 librum
1123 1781 1162 1824 ex
1184 1781 1247 1842 quo
1271 1759 1369 1823 editio
1392 1758 1477 1840 prin-

336 1887 408 1949 ceps
431 1865 542 1930 barum
565 1865 754 1952 fabularum,
777 1866 905 1932 Iuntina
922 1868 1025 1950 prima
1042 1869 1117 1932 anni
1140 1867 1234 1944 1516,
1256 1865 1413 1948 exscripta
1431 1871 1480 1928 est

337 1979 369 2037 et
392 1973 480 2038 cuius
503 1973 635 2057 posthac
657 1972 724 2038 fata
747 1974 859 2038 crassis
882 1974 1021 2040 tenebris
1044 1973 1159 2040 obruta
1180 1973 1332 2049 latebant,
1359 1970 1479 2036 nullum

337 2100 404 2146 csse
431 2079 528 2145 alium
552 2103 646 2164 quam
670 2082 885 2146 Rauennatem
908 2082 1091 2147 certissimis
1119 2082 1214 2146 euicit
1236 2079 1428 2164 argumentis
1437 2079 1479 2164 ²);

336 2207 430 2272 quam
461 2188 503 2252 ad
534 2189 722 2253 sententiam
753 2188 1021 2273 comprobandam
1048 2187 1242 2254 Reuenmtis
1274 2193 1306 2252 et
1334 2185 1479 2252 Iuntinao

335 2295 507 2379 scripturas
533 2294 574 2359 ab
597 2295 736 2380 Fingere,
764 2295 818 2379 qui
844 2301 1022 2379 postremus
1044 2295 1102 2360 has
1126 2297 1206 2360 duas
1227 2294 1350 2360 fabulas
1372 2315 1479 2358 rocen-

337 2403 409 2479 suit,
432 2410 468 2466 ut
490 2403 632 2467 diuersas
654 2402 795 2486 prolatas
814 2403 982 2468 maximam
1002 2407 1124 2486 partem
1146 2423 1318 2485 congruere
1336 2398 1480 2465 omnibus

339 2529 418 2593 quae
437 2509 498 2574 buc
515 2509 719 2592 pertinebant
735 2507 885 2592 exemplis
903 2509 1142 2585 demonstrauit,
1160 2509 1276 2591 quibus
1293 2508 1369 2573 locis
1384 2529 1480 2571 uerae

338 2615 570 2700 discrepantiae
597 2616 681 2680 iuter
708 2616 769 2680 ltlm
798 2623 831 2680 et
857 2614 1017 2682 Iuntiuam
1044 2622 1190 2682 extarent
1218 2617 1368 2691 enotauit,
1395 2614 1480 2680 unde

339 2729 428 2788 ortae
456 2729 560 2788 essent
587 2723 719 2807 aperuit.
770 2723 913 2808 Denique
940 2745 967 2788 a
1000 2724 1083 2788 1878
1113 2724 1196 2788 idem
1227 2723 1264 2787 A.
1297 2723 1337 2788 de
1364 2721 1479 2787 Velsen

341 2829 678 2914 Thesmophoriazusas
699 2837 855 2915 apparatu
878 2831 988 2897 critico
1012 2833 1198 2896 instructam
1221 2829 1328 2896 edidit

412 3091 430 3154 ¹)
448 3089 532 3144 Velut
546 3089 596 3157 Eq.
617 3107 640 3142 v.
660 3091 713 3144 230
732 3085 925 3158 ἐξῃκασμένος
974 3090 1051 3144 codd.
1071 3085 1273 3156 ἐξεικασμένος
1327 3087 1432 3142 scholia

657 3179 710 3233 278
730 3174 787 3248 ἐγὼ
807 3179 932 3245 δείκνυμι
1001 3221 1016 3243 ,,
1068 3173 1125 3248 ἐγὼ
1144 3173 1295 3245 ’νδείκνυμι
1363 3219 1378 3242 ,,

658 3269 710 3322 975
729 3262 962 3335 ἀφικνουμένοισι
1000 3309 1016 3334 ,,
1067 3263 1286 3336 ἀφικνουμένοις
1362 3307 1378 3332 ,,

427 3357 592 3426 Thesmoph.
612 3375 635 3410 v.
675 3358 709 3411 39
728 3351 800 3420 λεώς
1001 3399 1017 3422 ,,
1067 3352 1135 3419 λαός

659 3447 709 3501 179
728 3449 810 3515 κοινῇ
1001 3488 1016 3512 ,,
1067 3449 1150 3514 καινῇ

657 3537 709 3590 273
728 3529 907 3608 ὓποκράτους
999 3577 1015 3602 ,,
1067 3529 1261 3604 incorporeae
1363 3575 1379 3598 ‚‚

656 3625 708 3679 356
727 3619 877 3694 λεγούσαις
999 3667 1015 3690 ,,
1065 3618 1204 3694 λεγούσας

645 3713 709 3768 ⁰834
728 3713 846 3781 τηνίοισι
998 3755 1014 3779 ,,
1065 3713 1202 3781 στηνίοισι

657 3804 709 3857 910
728 3797 829 3871 ἀφύων
998 3845 1014 3870 ,,
1065 3797 1157 3871 ἰφύων

657 3892 709 3946 947
729 3889 863 3958 πέσωμεν
1000 3933 1015 3958 ,,
1065 3892 1216 3958 παίσωμεν,

534 3982 595 4050 Lys.
616 3999 640 4034 v.
677 3983 711 4034 63
731 3979 888 4050 θεωμένους
1001 4022 1016 4048 ,,
1069 3977 1224 4049 θεογίνοιις

658 4071 710 4125 282
729 4065 857 4124 ἀσπίδων
1001 4111 1017 4135 ,,
1067 4063 1187 4132 ἀσπίδας

339 4187 373 4242 cl.
389 4185 512 4240 Dindorl.
529 4185 615 4255 praet.
633 4187 685 4240 uel.
702 4187 751 4252 111,
768 4188 781 4241 1
798 4203 841 4256 pg.
857 4186 1008 4250 VIII—IX,
1028 4191 1056 4239 at
1070 4183 1100 4238 0.
1118 4184 1217 4254 Laugii
1231 4182 1333 4238 Variae
1349 4183 1484 4238 lectiones

339 4294 367 4348 pn
395 4275 507 4331 scholiis
530 4275 742 4344 Aristophancis
773 4275 891 4330 latentes
915 4275 1028 4346 (Gryph.
1054 4273 1146 4340 1872),
1175 4273 1222 4342 qui
1249 4273 1320 4328 hanc
1347 4289 1406 4328 rem
1429 4290 1485 4328 non

339 4367 451 4437 penitus
472 4365 633 4420 exhausisse
652 4365 769 4420 uidetur.

410 4456 431 4523 ἱ)
450 4455 486 4511 ef.
500 4455 544 4511 W.
560 4454 591 4510 G.
603 4453 738 4521 Glarkius,
752 4453 868 4510 Journal
882 4452 912 4508 ol
924 4451 1066 4523 Philology
1083 4451 1137 4510 uol.
1152 4453 1194 4508 Ill
1209 4468 1249 4506 nr.
1265 4453 1408 4534 Vpg.15tl
1423 4467 1483 4528 sqq.
