3266 4924
373 380 436 442 κιο
807 413 852 424 -
898 377 981 458 [τοι]
1030 412 1072 426 .-

373 585 532 633 consonas
554 563 680 631 duobus
703 565 844 632 tribusve
872 565 953 632 locis
982 563 1201 644 inveniuntur,
1234 583 1315 648 quae
1344 565 1496 632 uonuiuui-

371 673 471 737 ta'tem
493 689 565 736 uum
587 667 702 736 vicinis
725 689 788 736 uon
811 669 991 736 observent.

459 812 492 877 p.
513 794 640 858 1093rss
666 796 741 856 Τιὀν
763 788 799 855 δὲ
823 785 994 874 περιόδων
1009 787 1045 853 αλ
1060 793 1124 871 μέν
1138 786 1226 854 ελσιν
1240 782 1420 875 εὐκόρυφοι
1437 840 1443 853 .
1464 840 1470 853 .
1490 841 1494 851 .

373 894 409 960 αλ
432 894 468 960 δὲ
490 889 635 962 ἁπτιαι.
658 944 664 958 .
686 943 693 956 .
718 891 817 981 μήκει
839 918 873 959 τε
898 893 933 959 αἱ
956 893 1019 976 μὲν
1033 891 1195 970 θάττους,
1221 887 1304 958 ὥστε
1321 915 1501 980 συμμετρη-Ι

371 1004 479 1087 θήναι
501 996 589 1083 πρὸς
612 991 735 1081 ἀνδρὸς
757 1005 903 1080 πνεῦμα,
930 997 966 1062 αἱ
989 997 1025 1063 δέ
1048 997 1165 1082 πολλῷ
1187 996 1334 1078 μείζους,
1362 993 1429 1062 ολαι
1449 999 1497 1062 καί

371 1107 470 1188 μέχρι
499 1109 558 1189 τῆς
586 1099 746 1189 τετάρτης
776 1095 1002 1178 ἀναπαύσεως
1030 1101 1267 1186 προελθοῦσαι
1296 1098 1372 1165 τότε
1398 1099 1500 1187 λήγειν

372 1204 420 1283 εἰς
443 1210 561 1290 πέρας.
610 1206 717 1272 Verba
747 1203 782 1268 αλ
805 1204 868 1286 μὲν
889 1202 1040 1281 θάττους
1068 1204 1135 1268 illis
1165 1201 1201 1268 αλ
1224 1203 1259 1270 δὲ
1291 1203 1408 1286 πολλῷ
1434 1209 1499 1285 μεί-

373 1308 451 1390 ζους
484 1309 632 1394 opposita
661 1327 734 1375 εεεε
767 1309 840 1393 ipsa
872 1315 1033 1374 structura
1064 1307 1196 1374 indicat.
1251 1307 1318 1374 Sed
1351 1305 1499 1374 adieefirr

372 1434 438 1479 uon
457 1412 601 1480 eiusdem
624 1413 769 1498 generis,
803 1432 879 1495 ergo
909 1431 949 1478 οε
980 1409 1140 1477 contraria
1167 1409 1298 1494 quidem
1329 1418 1412 1478 suut.
1457 1411 1500 1476 'Iu

371 1525 464 1583 vetus
497 1515 610 1583 vitium
647 1517 762 1582 tollas:
813 1517 1038 1582 umore
1072 1536 1113 1580 ex
1148 1515 1408 1582 GAATTOYC
1439 1533 1500 1582 uur-

373 1627 502 1706 ruptum
525 1627 587 1686 est:
622 1617 721 1708 μήκει
743 1643 778 1684 τε
801 1617 837 1684 αλ
865 1619 928 1702 μὲν
955 1615 1161 1695 ἐλάττους
1186 1668 1192 1682 .
1214 1668 1249 1682 ..
1277 1617 1312 1684 αἱ
1337 1617 1374 1683 δὲ
1396 1617 1501 1702 πολλή

371 1721 519 1806 μείζους.

460 1865 493 1929 p.
515 1846 656 1908 109511ss
681 1836 767 1930 Ὁριῖι
788 1839 852 1928 γὰρ
876 1836 989 1922 αὐτὸν,
1023 1840 1056 1908 εἰ’
1083 1865 1167 1910 ποτε
1198 1840 1298 1924 λάβοι
1327 1838 1502 1926 πράγματα

373 1951 592 2034 χαριεστέρας
615 1943 759 2032 δεόμενα
782 1953 1003 2034 κατασκευης,
1031 1943 1263 2033 πανηγυρικήν
1285 1939 1403 2022 αὐτοῖς
1424 1937 1504 2010 άπα-

373 2048 510 2117 διδόντα
534 2057 592 2138 τής
613 2051 735 2130 λέξεως
757 2043 932 2137 ἁρμονίαν,
960 2044 1004 2126 ὡς
1020 2047 1057 2116 έν
1071 2057 1118 2135 τῷ
1133 2047 1218 2114 κατὰ
1233 2045 1504 2134 Ἀριστοκράτους

374 2158 542 2242 πεποίηκε
565 2151 670 2240 λόγῳ,
697 2154 851 2238 πολλαχῇ
880 2154 944 2237 μὲν
972 2155 1029 2219 καλ
1053 2148 1153 2239 άλλη,
1180 2150 1327 2236 μάλιστα
1352 2146 1384 2217 δ’
1403 2149 1439 2218 έν
1459 2148 1504 2227 ολς

375 2256 435 2325 τὸν
464 2259 544 2344 περὶ
578 2265 644 2324 τῶν
671 2255 787 2340 νόμων
816 2250 1007 2324 ἀποδίδωσι
1034 2255 1136 2342 λόγον
1161 2306 1168 2320 .
1190 2307 1225 2322 ..
1257 2250 1321 2322 κᾶν
1353 2262 1399 2341 τῷ
1427 2252 1503 2320 κατὰ

373 2365 553 2429 Λεπτίνου
575 2362 655 2446 περὶ
677 2368 735 2448 τῆς
759 2353 911 2437 ἀτελείας
933 2357 1020 2425 κατὰ
1042 2357 1155 2426 πολλὰ
1176 2365 1278 2448 μέρη,
1305 2358 1452 2442 μάλιστα
1472 2352 1501 2424 δ’

374 2464 411 2532 έν
433 2478 504 2544 τοῖς
526 2463 704 2550 ἐγκωμίοις
727 2471 792 2530 τῶν
814 2458 996 2549 εὐεργετοῦν
1018 2471 1076 2551 τῆς
1098 2460 1244 2540 πόλεως.
1285 2463 1337 2530 Ex
1359 2461 1501 2545 analogia

375 2572 546 2636 verborum
569 2568 723 2653 πολλαχῇ
745 2567 809 2650 μὲν
824 2568 881 2632 καλ
897 2562 991 2653 άλλη,
1016 2564 1164 2651 μάλιστα
1187 2559 1217 2632 δ’
1236 2567 1304 2632 κτλ.
1331 2567 1406 2650 lego
1427 2561 1504 2629 κατὰ

373 2670 486 2738 πολλὰ
508 2671 600 2760 (μὲν
630 2671 701 2736 καὶ
729 2665 850 2758 ἄλλα)
876 2675 979 2758 μέρη,
1011 2668 1159 2754 μάλιστα
1188 2664 1219 2736 δ’
1238 2665 1274 2736 έν
1304 2681 1377 2746 τοῖς
1406 2667 1500 2753 έγκω-

371 2779 463 2858 μίοις
485 2777 554 2840 κτλ.

459 2916 492 2981 p.
520 2899 643 2962 10961³s
669 2890 738 2972 Τὰς
761 2892 928 2982 διηγήσεις
951 2907 1045 2960 ποιεῖ
1067 2891 1105 2960 τὸ
1128 2895 1249 2960 πλεῖον
1278 2891 1421 2978 ἐχούσας
1448 2897 1501 2956 τοῦ

375 3005 500 3082 σεμνοῦ
521 2996 558 3064 τὸ
582 2992 655 3086 ἡδύ.
701 2998 879 3064 Articulum
902 2994 940 3063 τὸ
970 3007 1046 3064 ante
1072 2998 1192 3064 πλεῖον
1219 3017 1389 3084 perperam
1418 2996 1499 3061 illum

374 3102 500 3186 quidem
534 3102 760 3187 interpolatum
793 3103 907 3174 tollam
945 3100 987 3168 σί.
1019 3123 1051 3188 p.
1082 3104 1173 3167 896ω
1200 3093 1218 3188 ή
1250 3102 1358 3167 πλέον
1385 3098 1499 3182 έχουσι

373 3213 433 3274 τοῦ
455 3213 609 3288 τεχνικοῦ
630 3203 668 3270 τὸ
692 3202 849 3292 φυσικόν.

460 3367 492 3430 p.
521 3347 645 3409 11001ss
679 3341 849 3428 Δεύτερον
879 3339 918 3430 δή
947 3340 1135 3430 κεφάλαιον
1159 3331 1209 3444 1ήν
1241 3340 1409 3422 ἐπιδείξαι
1440 3346 1498 3404 τίοι

372 3445 574 3536 θεωρήμασι
595 3444 765 3532 χρώμενος
787 3446 844 3511 καλ
863 3442 919 3511 διὰ
934 3450 1038 3523 ποίας
1055 3439 1225 3533 ἀσκήσεως
1248 3444 1430 3532 προελθὼν
1447 3447 1496 3523 (su.

372 3553 607 3641 Δημοσθένης)
632 3547 670 3616 τὸ
686 3548 867 3634 κράτιστον
888 3554 990 3635 μέρος
1010 3548 1110 3631 ’έλαβε
1133 3556 1190 3637 τής
1213 3550 1274 3615 λεια.
1296 3553 1425 3614 λδ-ίλ
1440 3547 1494 3612 liu.

373 3650 548 3744 ἁρμονίας.
596 3655 685 3738 Lego
716 3651 753 3720 τὸ
785 3650 965 3740 κράτιστον
991 3657 1095 3738 μέρος
1127 3651 1227 3736 ἔλαβε
1262 3659 1320 3739 τής
1341 3651 1498 3741 (μικτής

373 3762 442 3826 καὶ
470 3759 614 3848 μέσης)
638 3751 819 3843 ἁρμονίας,
854 3759 895 3824 ολ.
921 3779 953 3842 p.
977 3760 1072 3822 10679
1103 3755 1135 3822 οἱ
1164 3757 1201 3822 δὲ
1232 3761 1415 3833 συνθέντες
1440 3747 1495 3840 ἄρ’

373 3862 532 3949 ἑκατέρας
555 3859 596 3927 τὰ
619 3858 855 3949 χρησιμώτατα
884 3858 945 3948 τήν
966 3859 1087 3948 μικτήν
1116 3861 1171 3924 καὶ
1200 3866 1306 3947 μέσην
1335 3858 1498 3947 ἐζήλωσαν

274 4003 276 4008 -
374 3961 515 4053 ἀγωγήν,
560 3968 669 4032 108715
700 3961 761 4053 τήν
789 3968 895 4051 μέσην
918 3987 952 4028 τε
975 3964 1032 4028 καλ
1054 3960 1175 4050 μικτήν
1198 3958 1364 4048 ἁρμονίαν
1387 3957 1497 4046 ἐπετή-

372 4069 490 4134 δευσεν
513 4062 530 4133 ὁ
553 4072 791 4155 Δημοσθένης.

458 4209 490 4272 p.
512 4192 637 4252 1102rss
662 4193 748 4274 (θέρε
771 4185 845 4272 γὰρ,
873 4187 904 4252 εἲ
925 4209 975 4263 τις
998 4180 1100 4270 ᾠδαῖς
1116 4182 1135 4274 ἢ
1152 4185 1338 4271 κρούμασιν
1353 4179 1495 4270 ὀργάνων

373 4288 410 4354 τὸ
435 4289 614 4356 κάλλιστον
637 4289 785 4367 έντείνας
807 4291 908 4372 μέλος
931 4290 1068 4372 ῥυθμοῦ
1089 4289 1216 4376 μηδένα
1238 4297 1375 4378 ποιῇ-,ται
1392 4285 1491 4372 λόγον.
