3272 4920
299 373 359 439 188
731 409 776 420 -
824 375 908 456 [κιο]
954 409 1000 420 -

383 561 413 624 3.
444 560 621 627 Florentini
643 568 676 627 et
698 561 901 627 Ambrosiani
924 561 1018 627 lectio
1040 557 1101 647 τὴν
1124 558 1269 642 δύναμιν
1291 565 1352 624 τοῦ
1375 553 1435 625 ἀν-

295 659 375 749 δρὸς
398 661 612 747 ἐπιδείξομεν
636 658 790 752 ἀποχρῆν
813 662 968 748 οἰόμενος
992 684 1033 732 ex
1051 670 1144 750 parte
1159 663 1218 728 illa
1232 662 1362 746 quidem
1378 661 1437 728 dc·

294 774 432 853 provata
453 768 487 834 in
509 767 720 850 deterioribus
743 768 909 836 codicibus
930 787 1048 834 novam
1071 766 1286 851 corruptelam
1304 773 1439 852 experta

295 877 346 937 est
368 867 519 954 οἰόμενοι
541 892 599 956 pro
622 868 789 954 οἰόμενος.
830 871 1010 938 Genuinum
1033 869 1203 937 lectionem
1226 869 1438 936 ParisinueA

295 972 497 1059 suppeditat,
532 994 573 1040 ox
601 993 662 1058 qno
693 974 817 1041 scribas
847 971 908 1060 τὴν
937 971 1082 1056 δύναμιν
1109 977 1170 1038 τοῦ
1192 965 1315 1058 ἀνδρὸς
1344 969 1438 1038 ἐπι-

295 1075 496 1160 δείξομαι
519 1071 674 1164 ἀποχρῆν
696 1075 912 1160 οἰόμενος.

381 1237 411 1297 4.
444 1232 639 1299 Particulam
663 1232 709 1316 δέ,
737 1253 820 1318 quae
842 1233 937 1318 volgo
959 1239 1033 1318 post
1065 1230 1195 1298 ἐκείνου
1221 1232 1350 1316 legitur,
1380 1251 1437 1298 co-

295 1333 383 1401 dices
417 1341 503 1402 recte
532 1335 693 1402 omittunt.
740 1336 823 1402 Nam
859 1343 891 1402 et
920 1335 1080 1422 oppositio
1110 1335 1195 1401 male
1226 1334 1375 1400 statuitur
1404 1341 1437 1400 et

293 1439 393 1504 verba
423 1437 728 1524 προχειρισάμενος
756 1476 798 1487 -
828 1438 1103 1526 παραδείγμασιν
1135 1457 1307 1524 perperam
1338 1437 1437 1522 priori

294 1541 459 1608 enuntiato
481 1539 610 1608 adnecti
633 1543 814 1610 sententiae
833 1561 1023 1628 progressus
1039 1542 1142 1609 docet.
1185 1541 1264 1623 „ua
1291 1561 1371 1625 quae
1395 1540 1436 1606 de

294 1644 396 1728 Lysia
416 1651 542 1710 oratore
564 1642 647 1726 dini,
674 1651 779 1711 utrum
801 1665 879 1711 vera
901 1645 966 1711 sint
987 1666 1030 1711 an
1054 1643 1156 1725 salsa,
1189 1663 1230 1709 ex
1252 1642 1340 1709 illius
1363 1663 1438 1708 ora-

293 1745 432 1812 tionibus
455 1747 663 1829 examinabo,
696 1755 728 1814 et
749 1749 900 1832 qnoniam
922 1749 1016 1833 pinna
1038 1746 1187 1832 exempla
1207 1746 1350 1831 proferre
1371 1764 1436 1810 non

293 1847 385 1932 licet,
424 1869 489 1916 una
522 1850 665 1916 oratione
698 1850 868 1916 consilium
898 1849 968 1917 eins
1002 1855 1100 1933 atquc
1130 1848 1196 1915 vim
1225 1848 1432 1915 illustrabo“.

292 1951 399 2018 Verba
430 1953 530 2036 igitur
562 1951 867 2038 προχειρισάμενος
894 1991 937 2002 -
965 1952 1240 2038 παραδείγμασιν
1272 1951 1435 2018 artissime

294 2075 366 2122 curn
396 2057 603 2139 sequentibus
633 2056 819 2139 cohaerent,
858 2063 890 2122 et
917 2076 981 2122 vox
1012 2057 1154 2132 πολλοῖς
1183 2076 1247 2121 non
1275 2054 1435 2120 infinitum

297 2161 408 2244 (τινα),
436 2159 494 2226 sed
516 2167 639 2226 certum
663 2159 724 2226 sibi
747 2159 939 2226 contrarium
962 2160 1112 2245 postulat.
1153 2159 1233 2225 Inde
1255 2157 1360 2225 scribo
1375 2155 1437 2244 τὴν

293 2260 446 2343 ἐξέτασιν
469 2257 538 2329 ἀπὸ
562 2269 629 2330 τῶν
650 2256 712 2329 ἀπ’
732 2261 862 2329 ἐκείνου
884 2267 1086 2350 γραφέντων
1108 2260 1314 2350 ποιήσομαι,
1348 2283 1436 2346 προ-

290 2363 526 2453 χειρισάμενός
548 2390 591 2432 τε
614 2365 688 2433 ἕνα
712 2363 814 2452 λόγον
828 2403 872 2414 -
887 2361 928 2432 ori
950 2363 1013 2452 γὰρ
1038 2364 1178 2453 ἐγχωρεῖ
1196 2365 1339 2442 πολλοῖς
1352 2371 1435 2451 χρῐγ-

291 2473 379 2536 σδαι
407 2469 682 2556 παραδείγμασιν
703 2507 746 2517 -
769 2467 807 2550 ἐξ
832 2468 962 2536 ἐκείνου
991 2466 1052 2556 τήν
1081 2493 1116 2535 τε
1145 2473 1347 2555 προαίρεσιν
1376 2468 1434 2532 καί

291 2570 350 2659 τὴν
373 2569 518 2656 δύναμιν
538 2577 599 2637 τοῦ
629 2565 753 2656 ἀνδρὸς
780 2569 1009 2655 ἐπιδείξομαι,
1044 2572 1086 2637 ci.
1111 2574 1270 2658 p.57711s
1300 2575 1435 2657 χρῶμαι

290 2675 543 2760 παραδείγματι
566 2673 602 2754 ἐξ
624 2669 735 2741 αὐτῶν
764 2673 829 2741 ἑνί·
866 2669 907 2742 οδ
935 2671 999 2761 γάρ
1031 2672 1171 2761 ἐγχωρεῖ
1199 2675 1352 2739 πλείοσι·
1385 2677 1434 2758 τῷ

294 2775 529 2863 Τραπεζιτικῷ
550 2778 732 2862 λεγομένῳ.

239 2941 245 2956 ·
377 2950 409 3016 p.
430 2932 522 2995 518ss
545 2931 720 3012 Postquam
742 2929 917 3014 Dionysius
940 2927 1068 2996 forense
1083 2929 1202 3014 Lysiae
1225 2926 1354 2994 dicendi
1374 2945 1434 3012 ge-

291 3052 353 3100 nus
376 3033 518 3100 oratione
540 3033 574 3099 in
589 3031 794 3117 Diogitonern
809 3031 993 3110 illustravit,
1012 3031 1094 3099 haec
1109 3031 1274 3116 subiungit
1287 3051 1320 3117 p.
1335 3032 1431 3097 518⁵:

292 3133 329 3202 ἐν
356 3135 419 3218 μὲν
446 3133 487 3223 δὴ
509 3147 580 3213 τοῖς
611 3134 862 3212 δικανικοῖς
895 3132 1009 3220 λόγοις
1038 3131 1285 3220 μαλακώτερος,
1318 3128 1433 3219 ῶσπερ

290 3237 378 3326 ἔφην
399 3239 481 3304 FM:
511 3237 749 3316 ἐπιδεικτικοῖς
771 3240 810 3304 R.
857 3239 973 3320 Verba,
1000 3239 1111 3322 qualia
1136 3239 1171 3304 in
1193 3236 1377 3304 Florentino
1400 3243 1433 3304 et

290 3343 504 3410 Ambrosiano
526 3343 694 3427 leguntur,
725 3361 821 3410 sensu
844 3361 939 3408 cassa
960 3359 1034 3407 esse
1056 3341 1207 3407 librarius
1229 3340 1337 3407 nescio
1359 3340 1432 3424 quis

289 3446 371 3513 bene
393 3446 569 3532 perspexit,
595 3465 667 3512 oum
692 3443 928 3521 ἐπιδεικτικοῖς
951 3443 1133 3529 corrigeret.
1181 3443 1356 3528 Dionysius
1379 3464 1433 3510 re-

290 3549 387 3636 spicit
417 3549 460 3616 ad
490 3570 546 3632 ea,
585 3568 668 3632 quae
698 3547 780 3614 dixit
805 3570 839 3633 p.
857 3551 978 3614 488ross
1009 3540 1027 3612 ὃ
1056 3545 1262 3631 βουλόμενος
1296 3544 1335 3634 δὴ
1371 3544 1433 3634 τὴν

288 3655 426 3718 Λυσίου
447 3649 591 3734 δύναμιν
614 3643 759 3737 ἀκριβῶς
781 3655 997 3734 καταμαθεῖν
1021 3648 1056 3716 ἐκ
1079 3656 1145 3717 τῶν
1167 3649 1346 3716 δικανικῶν
1369 3643 1431 3716 αὖ·

288 3752 350 3842 τὴν
372 3754 502 3838 μᾶλλον
523 3751 634 3839 λόγων
656 3747 676 3840 ἢ
700 3750 736 3817 ἐκ
758 3759 825 3819 τῶν
847 3753 1139 3836 συμβουλευτικῶν
1167 3776 1203 3818 τε
1233 3753 1290 3817 καὶ
1319 3775 1431 3839 πανη-

288 3865 433 3946 γυρικῶν
455 3860 636 3923 σκοπείτω.
677 3855 790 3941 Neque
812 3855 946 3922 enimin
962 3855 1012 3938 iis,
1038 3855 1208 3939 dequibus
1224 3856 1341 3940 agitur,
1367 3875 1431 3922 vox

287 3958 524 4047 μαλακώτερος
546 3958 723 4046 premenda
745 3965 810 4042 est,
836 3977 920 4041 quae
943 3958 1027 4025 redit
1053 3980 1085 4045 p.
1105 3961 1179 4023 4961
1212 3958 1293 4043 περὶ
1322 3956 1357 4022 δὲ
1387 3954 1430 4021 τὰ

286 4062 387 4152 πάδη
409 4058 646 4148 μαλακώτερός
670 4059 757 4140 δστις
788 4082 863 4127 nam
886 4058 928 4125 τά
951 4058 1051 4148 πάδη
1074 4061 1155 4128 nihil
1177 4080 1345 4126 commune
1367 4059 1427 4126 ha-

286 4169 364 4234 bent
385 4187 457 4234 cnm
483 4165 691 4252 panegyricis
721 4163 929 4231 orationibus.
978 4165 1084 4232 Verba
1106 4163 1290 4239 δικανικοῖς
1313 4159 1429 4247 λόγοις

286 4276 372 4335 recte
399 4268 465 4353 legi
486 4269 665 4355 praemissa
695 4267 796 4334 oratio
825 4267 860 4332 in
889 4265 1093 4351 Diogitonenr
1121 4266 1250 4351 probat;
1283 4273 1357 4349 post
1384 4283 1426 4330 ea
