3262 4926
632 370 845 432 ..39-

173 569 205 628 et
226 580 303 628 aera
325 568 358 627 et
376 559 485 644 ignem
502 579 543 625 cx
558 557 667 623 nativo
682 577 720 624 ac
735 557 863 625 mortali
879 575 1011 642 corpore
1027 563 1185 634 constare,
1212 576 1308 640 urgu-

171 665 287 742 mentis
309 649 473 749 probatur.
514 661 606 740 Quod
629 681 700 727 enm
723 661 908 727 universum
931 660 973 726 ab
995 657 1056 726 hoc
1078 659 1147 725 loco
1169 658 1310 725 alienum
1387 671 1390 678 ’

172 788 236 834 non
259 767 310 848 sit,
337 765 500 833 tamenin
524 764 659 848 singulis
682 763 827 850 partibus
850 762 1053 830 offendimus.

154 947 156 950 ,
258 872 364 954 Atque
387 887 469 953 qnae
492 867 636 934 secundo
658 875 749 952 perte
777 869 846 950 (261
860 869 958 950 -72)
987 865 1202 945 eontinentur,
1236 885 1312 950 per-

173 975 305 1042 fectiora
328 974 479 1058 leguntur
500 971 533 1036 iu
557 972 639 1038 sexti
663 971 737 1036 libri
758 970 907 1037 versibus
931 969 1108 1052 eos-38,
1136 969 1191 1034 ubi
1214 969 1311 1034 ctiam

172 1096 285 1144 versus
298 1077 371 1160 (269
381 1078 463 1159 sqq.)
477 1075 662 1158 percolatur
673 1075 755 1138 cuim
766 1073 851 1138 uirus
861 1096 931 1159 sqq.
946 1079 1084 1140 exstant.
1110 1069 1204 1150 Quod
1214 1079 1311 1156 poeta

173 1178 336 1247 contendit
357 1179 455 1244 maris
477 1181 581 1260 aquius
603 1177 723 1258 minui,
754 1176 816 1243 hoe
843 1196 926 1242 novo
957 1181 1146 1260 argumento
1174 1174 1208 1240 in
1231 1175 1311 1241 libro

174 1291 265 1350 sexto
287 1289 416 1349 suetum
440 1287 503 1349 cst:

283 1389 343 1451 627
363 1394 533 1470 praetcrea
555 1385 650 1450 docui
669 1385 802 1448 multum
824 1405 946 1470 quoque
969 1381 1078 1448 tollere
1100 1383 1195 1446 nubes

268 1485 270 1490 ’
366 1511 504 1554 umorem
525 1509 638 1573 mopno
661 1495 842 1574 conceptum
864 1510 902 1552 ec
923 1507 1058 1572 aequore
1073 1485 1178 1569 ponti,

366 1597 397 1658 et
413 1591 537 1675 posm'm
561 1600 624 1657 toto
649 1600 805 1656 urramm
827 1612 978 1675 eporpere
999 1590 1033 1653 iu
1056 1589 1134 1654 orbi.

174 1700 279 1779 Atque
302 1695 431 1761 omuino
448 1694 619 1780 descriptio
634 1695 736 1760 multo
750 1693 918 1759 iucundior
933 1713 972 1760 ac
986 1691 1158 1759 dilucidior
1173 1699 1222 1760 cst
1242 1692 1308 1777 (eir.

174 1801 229 1880 Vl,
245 1801 372 1864 eet-8
389 1819 461 1864 eum
469 1797 508 1878 V,
521 1799 696 1881 uos-72).
729 1798 901 1864 Praeterea
915 1796 1031 1862 mirum
1047 1803 1106 1876 est,
1121 1796 1206 1879 quod
1218 1803 1314 1881 poeta

173 1905 206 1969 in
223 1921 319 1969 versu
335 1904 396 1967 627
420 1901 463 1967 ud
479 1901 579 1966 alium
595 1899 678 1966 sexti
694 1899 768 1966 libri
784 1901 888 1966 locum
910 1903 981 1982 (503
993 1900 1077 1983 sqq.)
1097 1899 1239 1984 respicit,
1259 1899 1313 1965 ubi

175 2004 310 2072 eandem
326 2003 520 2072 senteutiam
535 2003 598 2068 iam
614 2003 800 2088 protulerat.
827 2004 879 2068 An
894 2021 970 2069 vcro
986 2010 1092 2088 putus,
1112 2023 1184 2069 oum
1200 2023 1314 2070 versus

176 2111 302 2173 eet-8
318 2107 481 2188 scriberet,
500 2125 574 2172 eum
589 2125 653 2172 non
668 2105 854 2172 meminisse
876 2105 973 2191 plane
987 2104 1073 2171 idem
1090 2113 1313 2189 argumentum

176 2231 211 2277 se
222 2212 287 2276 iam
300 2210 400 2276 semel
412 2208 612 2294 exposuisse,
627 2215 723 2292 atque
738 2207 771 2273 iu
784 2214 934 2290 quattuor
944 2207 1092 2274 versibus
1107 2207 1229 2275 eisdem
1242 2229 1315 2274 ver·

176 2313 226 2379 bis
249 2317 364 2378 usum?
407 2313 495 2377 Pouo
522 2311 608 2376 enim
638 2330 694 2376 eos
716 2327 829 2376 versus
858 2311 892 2376 in
920 2317 1012 2376 sexto
1034 2310 1115 2377 libro
1137 2312 1313 2396 posteriore

176 2425 320 2501 tempore
344 2416 480 2500 scriptos
503 2432 576 2480 esse
596 2432 693 2496 quam
709 2414 743 2478 in
757 2412 880 2497 quinto.
919 2413 1003 2478 Nam
1025 2412 1106 2478 nihil
1121 2413 1209 2478 aliud
1224 2413 1311 2495 lieet,

176 2520 203 2586 si
226 2519 374 2608 versibus
390 2519 444 2598 Vl,
467 2519 615 2582 eos-38
639 2507 710 2582 cuin
727 2515 766 2594 V,
786 2519 935 2580 uel-72
957 2517 1150 2601 comparatis
1173 2517 1313 2583 attendi-

176 2629 397 2708 muspoetnm,
420 2620 505 2704 q'uod
524 2620 625 2686 semel
637 2619 757 2705 optime
769 2618 975 2705 expresserit,
991 2619 1142 2686 vixmale
1154 2627 1312 2706 repetere.

266 2725 330 2792 Sed
365 2724 461 2792 etiam
491 2723 587 2789 dictio
621 2722 654 2788 in
677 2722 715 2803 V,
742 2724 906 2787 261-72
936 2721 1035 2789 habet
1063 2743 1125 2807 quo
1154 2723 1310 2790 offendas.

177 2829 315 2893 Primum
338 2827 423 2893 enim
447 2824 524 2892 ordo
553 2846 591 2892 ac
622 2824 790 2910 dispositio
816 2843 967 2891 versuum
991 2828 1128 2890 tet-8
1151 2824 1311 2912 displicet.

176 2931 261 2995 Nam
276 2930 341 2995 duo
356 2929 414 2994 illa
429 2929 595 2996 enuntiata
606 2927 751 2994 wasalia
767 2929 852 3012 quod
865 2928 952 2992 uenti
964 2936 1124 2993 verrentes
1138 2929 1316 2994 diminuunt

178 3033 336 3118 cedamque
368 3041 511 3098 retexens
547 3031 706 3096 aetherius
740 3031 789 3096 eol
817 3037 849 3097 et
879 3033 964 3117 quod
989 3039 1098 3115 supter
1121 3055 1184 3115 per
1214 3041 1316 3097 terroe

178 3136 301 3200 cliditur
328 3135 446 3217 omnic,
479 3133 555 3217 quia
585 3153 643 3220 per
667 3134 791 3218 purtim
813 3171 855 3182 -
877 3133 1001 3216 partim
1029 3133 1199 3200 coniuncta
1227 3141 1311 3217 suut,

177 3241 219 3304 ab
242 3259 306 3304 uno
328 3239 494 3306 enuntiato
515 3237 666 3322 primario
689 3237 832 3322 pendere
861 3255 994 3302 necesse
1022 3243 1088 3317 est,
1123 3237 1246 3303 scilicet
1275 3238 1316 3302 ab

178 3344 210 3405 iu
225 3363 346 3406 summa
354 3341 404 3424 fit
418 3349 454 3406 at
468 3341 516 3404 nil
529 3361 619 3404 semor
634 3339 780 3418 abundet,
799 3357 904 3420 neque
919 3357 995 3404 vero
1012 3338 1107 3403 umbo
1121 3337 1164 3403 ad
1175 3339 1316 3421 primum

179 3445 330 3530 quicquid
342 3444 441 3529 aquai
455 3444 578 3509 tollitur
593 3443 765 3527 pertinent,
786 3440 947 3525 quonium,
967 3441 994 3506 si
1011 3439 1072 3506 hoe
1088 3446 1313 3524 statueremus,

178 3549 281 3614 altera
296 3547 474 3615 enuntiatio
489 3544 629 3613 absurda
644 3552 742 3612 esset.
767 3547 882 3629 Itaque
898 3544 1140 3630 dispositionem
1155 3565 1316 3628 gramma-

177 3651 274 3716 ticam
290 3649 318 3716 si
334 3658 528 3734 spectamus,
545 3649 601 3714 illa
616 3649 716 3716 verba
730 3647 971 3715 confirmatione
984 3654 1104 3727 carent,
1120 3667 1193 3714 oum
1205 3667 1317 3714 revera

179 3754 278 3820 verba
301 3754 388 3839 quod
406 3752 492 3817 uenti
511 3761 669 3817 verrentes
684 3752 863 3816 diminuunt
877 3751 1039 3837 radiisque
1053 3759 1195 3814 retexens
1210 3751 1318 3816 aetde-

178 3859 246 3922 rc'ua
267 3857 317 3921 sol
338 3876 409 3922 cam
432 3855 623 3941 praebeant,
650 3855 800 3938 quoniam
832 3855 880 3920 sol
909 3862 941 3920 et
968 3861 1084 3920 ventus
1115 3853 1316 3939 superficiem

179 3967 301 4026 tautum
334 3958 482 4042 aequoris
516 3964 662 4042 tangunt.
710 3957 851 4024 Gravius
885 3964 991 4024 tamen
1022 3955 1102 4021 illud
1132 3963 1197 4038 est,
1232 3956 1318 4041 quod

179 4065 328 4128 decursos
350 4083 507 4147 aquarum
527 4063 609 4146 (263)
636 4061 703 4128 alio
725 4060 960 4147 signifieatione
983 4059 1123 4145 positum
1143 4067 1193 4127 est
1207 4081 1247 4127 ne
1261 4063 1318 4126 da-

179 4189 286 4230 cursus
302 4187 458 4252 aquarum
473 4164 506 4230 in
519 4165 573 4246 VI,
593 4167 655 4230 609
676 4171 718 4244 (et
734 4167 883 4230 decorae
898 4165 998 4249 aquai
1007 4163 1032 4244 I,
1049 4167 1111 4230 283
1123 4165 1204 4247 etv,
1220 4167 1311 4250 stol:

271 4270 306 4352 (Ι,
333 4271 394 4335 283
418 4268 574 4334 montibus
596 4291 635 4332 ea
656 4269 731 4333 altae
753 4289 886 4353 mupuue
908 4269 1109 4333 decursus
1131 4269 1259 4354 aquai
