3262 4926
793 381 1005 441 ...28-

334 563 403 632 dtt’
445 565 584 654 ἐφέρετο
622 563 708 630 κατὰ
745 563 781 630 ad
818 561 961 650 ἄπειρον
994 564 1092 631 κενὸν
1125 561 1357 652 ὅιεσπαρμέιῆι
1397 562 1474 634 οὐκ

334 671 490 752 ἔχοντα
513 667 562 734 τὰ
587 665 879 754 ὑπερείὸοντα
903 671 973 734 καὶ
1004 672 1240 736 στέλλοντα
1265 667 1373 734 κατὰ
1397 668 1474 748 τὰς

334 769 577 850 doctoque:
604 774 666 839 nisi
689 773 813 839 infinito
828 793 961 838 numero
976 783 1095 853 essent,
1122 774 1296 859 primordia
1311 793 1474 858 nusquam

333 879 553 957 consisterent,
581 878 639 944 sed
662 878 819 943 ferrentur
841 897 899 962 per
912 877 1071 943 inlinitum
1087 878 1183 944 inane
1199 879 1358 964 dispersa,
1384 879 1473 961 quod

334 1002 397 1047 non
421 981 647 1060 1111111111,
675 1001 756 1063 quae
779 981 991 1060 sustinerent,
1018 981 1046 1046 si
1069 981 1199 1063 quando
1222 983 1341 1066 plagae
1364 983 1474 1048 resili-

333 1093 414 1150 rent.
462 1083 566 1162 Quam
589 1104 720 1150 eausam
744 1083 833 1168 apud
855 1083 1038 1148 lucretium
1068 1084 1102 1148 in
1129 1085 1274 1150 versibus
1307 1089 1471 1150 loli-S

333 1189 480 1271 legimus.
529 1187 664 1253 Addidit
693 1187 762 1271 ipse
786 1188 921 1253 alteram
945 1207 1032 1264 11111,
1058 1188 1142 1271 qnod
1164 1189 1197 1253 in
1221 1197 1376 1272 perpetue
1398 1189 1471 1255 vice

333 1292 429 1356 rebus
453 1310 537 1355 nova
562 1309 688 1374 semper
710 1290 864 1355 alimenta
886 1289 1076 1356 adducenda
1098 1299 1216 1356 essent.

425 1392 538 1475 (Quam
571 1413 703 1458 eausam
733 1413 797 1458 non
825 1393 1016 1478 locupletem
1053 1413 1126 1460 esse
1163 1395 1366 1460 manifestum
1398 1405 1470 1460 est:

240 1541 241 1546 κ
338 1498 443 1581 possis
467 1496 551 1562 enim
581 1497 739 1579 cogitare,
771 1496 805 1560 in
835 1517 960 1561 summu
990 1506 1099 1562 ereata
1131 1517 1184 1576 ea,
1212 1518 1295 1579 quae
1325 1499 1366 1563 ab
1395 1499 1472 1564 aliis

333 1600 427 1665 rebus
443 1597 585 1664 defluant
600 1599 783 1683 primordia,
810 1619 883 1664 cum
898 1607 1030 1665 aeterna
1045 1600 1118 1680 sint,
1146 1600 1230 1666 alias
1253 1621 1407 1682 recreare,
1436 1611 1472 1667 111

333 1702 427 1785 quasi
449 1703 666 1786 compensatio
689 1701 847 1784 quaedam
869 1702 953 1767 inter
975 1723 1085 1768 omnes
1101 1721 1156 1768 res
1173 1703 1239 1785 fiat,
1267 1724 1330 1786 qua
1346 1725 1471 1770 summa

334 1813 442 1872 creata
465 1807 632 1885 servetur.)

418 1909 533 1990 Neque
553 1915 660 1973 tamen
676 1908 844 1973 Lucretius
859 1909 919 1974 has
935 1907 1016 1974 duas
1033 1928 1158 1988 causae,
1185 1910 1271 1993 quod
1287 1917 1468 1994 exspectes,

333 2011 398 2076 illis
413 2011 558 2077 versibus
579 2014 762 2093 (tort-8),
790 2011 833 2076 ad
855 2031 935 2094 quos
957 2012 1125 2096 pertinent.
1152 2013 1309 2092 adiunxit,
1337 2013 1395 2079 sed
1418 2015 1472 2078 111-

333 2115 433 2180 seruit
460 2134 571 2180 versus
605 2117 683 2178 1021
710 2134 778 2197 sqq.
811 2123 972 2197 tamquam
996 2115 1201 2194 anacolutho,
1236 2123 1270 2180 ut
1292 2117 1365 2182 illos
1387 2116 1471 2182 duos

332 2216 546 2282 confirmaret:

444 2323 525 2384 1019
555 2319 619 2382 sive
641 2320 718 2382 adeo
735 2318 844 2401 potins
865 2341 1035 2404 numquam
1058 2329 1203 2384 corrmetc
1224 2331 1361 2386 11111111

554 2423 653 2486 allant
675 2444 752 2498 retra,
779 2422 924 2506 quom'om
947 2423 1019 2506 copi
1038 2424 1169 2488 disiecta
1190 2425 1358 2508 neqrtiasct.

333 2527 418 2590 Nam
440 2545 624 2602 concursus,
650 2525 765 2606 inquit,
791 2526 942 2591 materiae
964 2526 998 2590 in
1021 2527 1129 2610 plagis
1151 2527 1276 2611 positus
1302 2537 1361 2608 est,
1387 2549 1472 2612 qnae

333 2639 442 2694 tamen
465 2629 584 2694 frustra
606 2628 764 2702 laborant,
790 2629 863 2708 nisi,
891 2629 1036 2710 quotiens
1052 2631 1176 2696 resilire
1192 2639 1361 2714 coguntur,
1385 2633 1473 2716 quod

334 2730 492 2797 interdum
516 2731 550 2794 lit
578 2730 644 2806 teir.
667 2735 773 2812 1016),
801 2751 840 2796 ex
864 2731 989 2797 infinita
1012 2733 1104 2818 copia
1126 2735 1280 2799 materiae
1303 2738 1473 2820 111111111-

335 2833 459 2898 mordia
481 2853 589 2898 eorum
611 2833 718 2898 locum
740 2843 908 2917 occupant,
935 2855 1017 2917 quae
1040 2835 1341 2902 resilientibusillis
1357 2839 1398 2903 ab
1414 2840 1473 2903 illo

334 2943 427 3001 coetu
449 2936 602 3001 materiae
626 2935 802 3002 discedant.
843 2938 912 3002 Hoc
933 2938 1032 3021 igitur
1053 2939 1123 3004 sine
1145 2938 1241 3004 dubio
1264 2940 1378 3006 sentit:
1405 2944 1474 3026 pri-

335 3039 457 3104 mordia
472 3039 610 3124 primum
633 3040 739 3122 plagis
761 3041 807 3104 ita
829 3049 1024 3125 congregata
1039 3061 1122 3120 esse,
1149 3051 1184 3107 ut
1199 3042 1346 3126 singulae
1362 3057 1474 3128 partes

335 3149 515 3208 orerentur:
548 3151 582 3206 nt
610 3151 717 3208 autem
741 3151 838 3209 totam
863 3165 1019 3209 summam
1044 3153 1182 3210 creatam
1207 3147 1384 3214 consistere
1407 3169 1474 3215 non

333 3264 441 3328 posse,
465 3244 527 3310 nisi
544 3245 760 3311 resilientibus
777 3247 883 3330 plagis
906 3255 938 3312 et
953 3247 1134 3332 primordiis
1158 3249 1278 3332 aliquot
1301 3249 1475 3317 disceden-

334 3347 419 3412 tibus
435 3348 501 3412 alia
517 3367 557 3412 ex
573 3348 696 3415 1111111111
712 3350 866 3416 materiae
881 3351 974 3434 eopia
989 3360 1208 3417 succurrerent
1226 3355 1408 3434 {illiti-S),
1425 3357 1476 3421 sie

334 3452 430 3517 etiarn
446 3451 520 3516 illas
536 3459 643 3535 partes
660 3453 833 3518 consistere
848 3473 911 3517 non
926 3454 1080 3537 potuisse.
1100 3455 1162 3520 nisi
1182 3456 1228 3520 eis
1245 3476 1329 3521 nova
1345 3477 1476 3543 semper

334 3553 509 3637 primordia
532 3563 686 3637 suggesta
708 3563 833 3634 essent,
862 3555 957 3639 idque
980 3577 1020 3622 ex
1043 3557 1167 3622 infinita
1190 3558 1281 3642 copia
1303 3561 1470 3625 materiae.

421 3654 470 3721 Ob
494 3676 564 3721 eam
594 3657 692 3739 igitur
722 3677 853 3722 cansam
882 3677 995 3724 versus
1028 3661 1194 3724 1021-8
1226 3669 1291 3725 tam
1319 3661 1475 3729 difficiles

335 3767 425 3838 sunt,
453 3759 538 3840 quod
560 3759 659 3824 menti
675 3769 805 3844 poetae,
833 3782 906 3826 cum
929 3763 987 3827 bos
1016 3763 1187 3842 scriberet,
1221 3763 1285 3828 iam
1315 3765 1476 3849 11111111-

336 3871 475 3928 mentum
491 3863 733 3944 obversabatur,
760 3863 845 3946 quod
866 3873 979 3948 postea
996 3866 1142 3932 versibus
1165 3871 1246 3930 1012
1257 3871 1324 3932 -8
1341 3870 1476 3953 exposi-

335 3974 424 4032 turus
447 3973 524 4031 erat.
565 3966 728 4032 Delendos
750 3975 857 4032 auteur
880 3968 954 4034 illos
978 3989 1049 4034 esse
1073 3976 1107 4034 ut
1130 3989 1170 4034 111
1186 3971 1224 4048 V,
1242 3975 1406 4036 419-23.
1433 3977 1475 4038 ts

337 4069 420 4134 salso
432 4070 562 4134 iteratos
575 4077 606 4134 et
618 4071 658 4134 ob
671 4070 753 4136 banc
766 4091 897 4136 causam
910 4079 942 4136 et
954 4073 993 4136 ob
1007 4073 1152 4144 alteram,
1168 4093 1263 4156 quam
1276 4075 1385 4140 statim
1398 4097 1477 4160 pro-

335 4193 464 4256 ponam,
489 4173 577 4237 nullo
600 4173 693 4238 niodo
716 4174 849 4239 concedi
873 4183 987 4258 potest,
1014 4176 1175 4259 quoniam,
1203 4177 1230 4241 si
1254 4179 1283 4242 11
1306 4177 1473 4260 deessent,

334 4295 447 4340 versus
