3280 4934
619 403 662 412 -
708 363 804 448 [ατ]
851 402 892 412 -
1284 364 1324 431 31

186 558 256 644 ipsa
277 581 328 624 res
351 560 401 637 sit,
424 559 469 625 eis
487 559 591 624 verbis
613 558 693 624 nihil
717 560 834 624 dicitur
855 560 918 624 nisi
939 560 1115 635 Euoratem,
1138 581 1327 644 quamquam

186 687 307 732 summo
329 666 399 732 loeo
417 671 510 732 natus
528 687 712 750 summaque
731 667 860 751 Insignis
879 667 1068 732 auctoritate
1086 687 1157 732 cum
1175 667 1208 730 in
1226 669 1326 732 socie·

186 778 285 838 tatem
303 780 469 840 vocaretur
491 774 700 857 optimatium,
722 772 814 839 facile
837 775 870 838 in
892 781 1022 839 numero
1040 773 1173 856 triginta
1190 774 1327 840 virorum

186 901 255 946 esse
277 887 398 964 posset,
420 887 526 946 tamen
549 881 629 946 mori
651 881 799 946 malunse
822 903 916 966 quam
938 881 1075 964 patriam
1097 879 1239 965 prodere.
1286 880 1329 945 At

189 1008 228 1051 ex
250 988 370 1054 eisdem
392 987 457 1052 illis
480 985 582 1050 verbis
605 988 688 1054 unde
712 987 875 1054 Scheibius
898 995 972 1054 ante
994 1007 1102 1071 pacem
1125 987 1242 1054 factam
1263 987 1326 1052 Eu-

186 1099 304 1159 cratem
327 1093 463 1160 occisum
485 1115 552 1160 esse
576 1094 705 1172 censuit,
729 1095 846 1161 crimen
864 1095 949 1178 quod
972 1095 1069 1160 fuerit
1091 1094 1219 1178 agnosci
1241 1099 1327 1177 puto.
1444 1129 1449 1157 ι

185 1199 267 1264 Nam
299 1201 405 1267 omnia
434 1201 516 1284 pati,
547 1205 584 1265 ut
613 1200 820 1267 Athenienses
848 1207 1000 1280 servaret,
1032 1202 1179 1266 maluisse
1211 1201 1327 1267 dicitur

186 1327 280 1392 quam
298 1307 404 1374 videre
422 1328 528 1372 muros
547 1308 670 1374 dirutos
689 1313 721 1372 et
738 1329 832 1374 naves
851 1307 993 1374 traditas.
1026 1308 1084 1374 His
1102 1307 1206 1374 verbis
1224 1328 1327 1374 nonne

177 1415 358 1490 ,clarissime
386 1415 534 1480 docemur
564 1415 648 1480 inter
675 1435 728 1480 eos
760 1415 850 1480 illum
881 1414 992 1493 trisse,
1023 1415 1078 1498 qui
1106 1414 1191 1481 omni
1222 1416 1327 1482 studio

185 1521 353 1606 prohibere
376 1522 505 1600 vellent,
532 1544 572 1588 ne
599 1544 694 1588 naves
721 1524 922 1590 traderentur
949 1522 1092 1605 murique
1118 1523 1326 1600 diruerentur,

185 1629 219 1693 id
242 1635 290 1694 est
312 1650 353 1694 ne
376 1651 437 1713 pax
458 1630 515 1695 illa
537 1631 745 1713 ignominiosa
767 1629 1025 1696 concluderetur?
1065 1628 1186 1696 Eadem
1207 1630 1327 1697 scilicet

185 1735 284 1800 verba
305 1735 345 1802 de
363 1736 581 1822 Dionysodoro
599 1743 631 1802 et
650 1736 882 1803 Strombiohide
900 1737 1015 1814 valent,
1038 1736 1092 1820 qui
1115 1737 1149 1802 iu
1171 1757 1326 1804 carcerem

185 1844 320 1910 coniecti
338 1851 420 1923 sunt,
443 1845 624 1930 priusquam
648 1843 682 1909 id
700 1840 799 1921 fieret,
823 1844 907 1927 quod
925 1842 994 1909 fieri
1011 1842 1170 1910 nolebant
1206 1845 1326 1910 Euora-

185 1955 251 2045 tem
276 1952 341 2016 iarn
368 1951 470 2016 elucet
497 1953 580 2017 inter
608 1973 661 2017 eos
689 1952 783 2018 duces
810 1951 920 2027 fnisse,
951 1953 1006 2033 qni
1037 1971 1094 2034 per
1121 1950 1324 2018 Theramenis

185 2059 401 2141 sociorumque
421 2058 487 2123 eius
510 2058 641 2124 insidias
659 2059 798 2142 Agorato
816 2058 951 2123 maxime
969 2061 1097 2123 auctore
1118 2057 1152 2122 in
1171 2080 1325 2124 carcerem

186 2165 320 2231 coniecti
338 2170 419 2230 sunt.
456 2164 538 2230 Nam
556 2167 692 2248 primum
711 2186 817 2249 pugna
834 2164 919 2248 apud
939 2164 1186 2246 Aegospotamos
1197 2165 1222 2252 ¹)
1241 2187 1325 2232 oom-

185 2273 280 2338 missa
299 2293 369 2338 oum
387 2272 458 2337 aliis
476 2272 540 2336 dux
559 2279 682 2338 creatus
701 2276 764 2337 est:
783 2272 878 2336 duces
896 2277 1002 2336 autem
1019 2272 1154 2336 maxime
1172 2272 1325 2339 restitisse

185 2378 373 2445 Therameni
400 2384 433 2444 et
460 2379 583 2444 insidiis
606 2379 806 2463 optimatium
832 2378 950 2463 petitos
978 2397 1054 2453 esse,
1081 2397 1101 2440 a
1123 2375 1218 2462 Lysia
1240 2379 1324 2444 tradi

185 2485 248 2550 iam
275 2507 372 2569 supra
399 2486 542 2551 vidimus
562 2525 569 2542 ι
589 2486 693 2570 Atque
724 2490 851 2568 praeter
878 2484 1143 2567 Dionysodom
1171 2486 1220 2549 cui
1247 2484 1325 2550 ulci-

184 2591 299 2658 scendo
318 2593 421 2658 oratio
439 2591 517 2657 XIII
541 2592 701 2659 destinata
718 2598 776 2670 est,
799 2598 831 2657 et
849 2588 1114 2656 Strombiohidem
1132 2591 1228 2656 ctiam
1246 2591 1325 2658 alios

185 2701 279 2765 duces
299 2699 409 2766 eadem
423 2704 507 2765 sorte
521 2721 594 2765 usos
608 2721 676 2765 esse
690 2704 824 2783 apparet
837 2718 874 2763 ex
893 2696 969 2781 ipsis
983 2696 1096 2781 Lysiae
1109 2697 1222 2776 verbis,
1239 2700 1324 2782 apud

183 2827 277 2890 quem
296 2806 382 2884 XIII,
403 2807 443 2870 13
462 2805 650 2872 Therameni
669 2806 817 2890 Spartam
838 2804 984 2869 redeunti
1007 2801 1132 2869 obviam
1155 2811 1232 2870 eunt
1253 2812 1325 2870 τῶν

185 2920 379 3000 στρατηγῶν
397 2935 486 2990 τινες
503 2914 559 2978 καὶ
577 2920 647 2979 τῶν
666 2907 863 2997 ταξιάρχων,
882 2897 932 2973 οὖν
950 2896 992 2995 ἦν
1010 2911 1251 2998 Στρομβιχίδης
1268 2913 1325 2995 καί

184 3015 451 3105 Διονυσόδωρος,
480 3021 536 3084 καὶ
560 3011 655 3086 ἄλλοι
682 3010 770 3096 τινὲς
796 3025 867 3083 τῶν
893 3020 1053 3082 πολιτῶν.
1063 3019 1090 3106 ²)
1135 3019 1183 3084 De
1210 3017 1325 3101 quibus

184 3148 265 3211 quae
283 3128 451 3211 diligenter
471 3131 580 3192 narrat
598 3127 716 3211 Lysias,
739 3125 895 3208 quomodo
913 3145 1020 3190 amore
1042 3125 1088 3191 rei
1110 3123 1254 3209 publicae
1275 3126 1324 3192 in-

184 3234 269 3298 censi
292 3235 346 3311 eis,
378 3235 431 3318 qui
458 3255 525 3299 rem
552 3233 710 3317 publicam
737 3231 873 3298 liberam
893 3239 1034 3298 evertere
1061 3232 1244 3311 studebant,
1275 3255 1324 3299 re·

184 3339 324 3405 stiterint
346 3361 518 3424 pacemque
536 3341 749 3424 turpIssimam
768 3339 909 3423 accipere
926 3337 1096 3418 noluerint,
1109 3339 1175 3406 'sed
1197 3361 1255 3424 per
1276 3340 1324 3404 in·

183 3447 280 3512 sidias
303 3449 336 3512 tn
359 3469 515 3514 carcerem
534 3447 667 3514 coniecti
689 3452 723 3512 et
745 3446 878 3531 triginta
895 3447 970 3512 viris
993 3447 1149 3512 institutis
1171 3446 1325 3530 supplicio

183 3551 287 3620 affecti
309 3555 387 3620 sint:
410 3575 538 3638 prorsus
561 3554 670 3620 eadem
689 3553 729 3618 de
747 3553 885 3618 Euorate
907 3553 1015 3630 tradit,
1039 3553 1093 3637 qui
1115 3553 1180 3618 dux
1200 3558 1325 3619 oreatus

275 3716 292 3778 ¹)
311 3714 373 3784 Lys.
390 3715 495 3779 XVIII,
514 3715 530 3768 4
550 3706 600 3783 ἤδη
620 3715 669 3780 τῆς
686 3711 849 3776 τελευταίας
868 3712 1023 3782 ναυμαχίας
1041 3707 1231 3783 γεγενημένης
1250 3753 1255 3766 .
1272 3753 1278 3766 .
1294 3753 1322 3766 ..

182 3793 346 3870 ἡττημένων
365 3797 420 3872 γὰρ
435 3797 466 3856 ἐν
480 3805 513 3872 τῇ
533 3800 679 3874 ναυμαχίη.
708 3800 831 3855 Adnotat
845 3801 881 3857 nd
896 3801 1057 3856 vocabulum
1076 3801 1231 3872 ναυμαχίας
1244 3801 1323 3856 ReIs·

182 3887 245 3944 isius
259 3889 365 3960 (Lysias
379 3892 392 3945 I
406 3908 433 3960 p.
448 3893 521 3958 601):
542 3890 587 3958 „in
601 3888 698 3946 Sicilia
711 3895 786 3958 puta,
806 3906 891 3959 prope
906 3890 1080 3960 Syracusas“.
1108 3890 1163 3946 Sed
1178 3905 1239 3946 cum
1254 3891 1323 3946 haec

183 3978 270 4033 oratio
288 3985 350 4049 post
368 3979 483 4049 triginta
497 3979 569 4035 viros
585 3978 714 4048 expulsos
732 3976 829 4033 habita
843 3978 887 4046 sit,
902 3978 979 4034 nulls
994 3978 1050 4034 alla
1068 3978 1121 4035 nisi
1139 3995 1231 4050 pugna
1249 3980 1324 4051 apud

182 4067 396 4137 Aegospotamos
424 4068 568 4124 commissa
591 4068 780 4137 Intellegentia
803 4073 852 4123 est.
893 4068 998 4124 Eadem
1026 4069 1060 4122 de
1089 4085 1180 4138 pugna
1203 4069 1324 4139 loquitur

182 4154 279 4226 Lysias
294 4156 369 4224 XXI,
390 4159 406 4211 9
425 4145 473 4212 ὅτε
492 4151 548 4229 γὰρ
563 4151 595 4212 ἐν
613 4159 646 4226 τῇ
665 4156 813 4231 τελευταίᾳ
832 4158 972 4230 ναυμαχίη
991 4153 1020 4211 ul
1039 4161 1103 4226 νῆες
1117 4152 1323 4229 διεφθάρησαν.

273 4243 293 4312 ¹)
312 4245 374 4300 Una
393 4262 454 4300 cum
473 4245 676 4302 Strombiohide
700 4254 728 4300 et
745 4245 932 4317 Dionysodoro
951 4245 1089 4301 Galliisdes
1109 4247 1220 4317 quidam
1238 4246 1323 4302 inter-

181 4331 270 4390 fectus
290 4339 332 4388 est
346 4335 419 4405 (Lys.
430 4335 518 4400 XXX,
534 4336 590 4403 14);
611 4334 658 4403 qui
676 4334 731 4389 iam
750 4340 834 4390 antea
852 4334 906 4390 dux
926 4341 1043 4401 orestus,
1062 4333 1117 4390 nisi
1134 4335 1243 4392 nomine
1262 4335 1323 4407 pari

182 4419 306 4478 fallimur
324 4423 404 4490 (Plnt.
424 4423 485 4479 Nlo.
505 4441 527 4478 c.
546 4425 582 4492 6),
606 4423 690 4479 ctiam
712 4429 772 4478 tum
793 4423 823 4478 in
843 4424 941 4480 ducum
964 4439 1078 4480 numero
1100 4423 1187 4481 luisse
1206 4423 1322 4482 videtur.
