3262 4926
602 399 816 460 ..55-

147 585 219 651 deos
242 584 356 650 referri
385 604 450 650 non
470 603 584 668 posse,
611 584 686 666 quia
709 583 756 650 ira
783 583 878 668 (unde
899 591 1008 650 tamen
1034 583 1108 651 illas
1130 605 1183 652 res
1205 606 1279 672 pro-

146 686 241 753 ficisci
276 686 481 770 cogitandum
516 693 618 768 esset,
656 686 684 753 ai
712 687 766 752 dci
799 693 946 754 auctores
975 691 1108 772 essent),
1145 695 1284 754 naturae·

147 809 251 856 eornm
288 796 456 874 repugnet.
510 788 596 867 Quid
632 790 752 873 igituri
801 790 887 856 Num
923 796 1020 876 putas
1056 810 1169 857 versus
1206 813 1279 856 uum

148 895 217 958 bene
247 894 303 978 qui
329 893 467 958 didicere
494 916 521 958 e.
555 916 585 977 q.
618 915 645 956 c.
684 894 725 960 ab
762 893 875 960 eodem
907 893 1054 961 Lucretio
1087 893 1121 959 in
1155 894 1279 960 duobus

145 1003 175 1063 et
195 997 329 1062 multum
350 996 436 1063 inter
465 1016 499 1063 se
529 995 749 1063 differentibus
777 996 857 1063 locis
885 997 1007 1082 positos
1036 1002 1130 1063 esset
1172 998 1279 1064 Verba

145 1099 271 1183 quidem
294 1100 324 1164 si
345 1109 447 1164 tumen
476 1099 597 1164 interea
624 1100 782 1164 mirantur
810 1122 872 1184 quu
899 1101 1022 1164 ratione
1049 1123 1188 1185 quaeque
1209 1101 1282 1184 qeru'

143 1203 282 1286 posunt,
303 1203 494 1286 praesertim
521 1203 613 1267 rebus
641 1203 674 1266 iu
703 1203 769 1267 illia
797 1225 876 1288 quoe
906 1225 1020 1286 supera
1048 1212 1145 1287 eaput
1172 1205 1280 1268 aerle-

145 1306 200 1370 riic
222 1315 393 1371 comuntur
415 1307 448 1370 iu
470 1306 534 1372 oric
561 1307 594 1373 in
618 1313 708 1374 sexto
734 1306 815 1372 libro
837 1305 958 1372 nullum
981 1307 1088 1373 locum
1110 1306 1277 1385 baberent,

144 1409 261 1495 quippe
275 1410 308 1475 in
323 1411 438 1494 quibus
453 1409 587 1478 formido
603 1430 707 1476 rerum
723 1430 786 1476 non
797 1410 1026 1492 contineretur,
1052 1415 1278 1494 praeterquam

144 1511 226 1596 quod
249 1513 349 1580 verba
369 1514 460 1578 rebus
482 1513 514 1577 iu
534 1512 822 1600 illaqueemur
837 1521 933 1597 caput
947 1512 1095 1577 aetherirb
1110 1521 1281 1578 cernuntur

138 1617 175 1690 iu
198 1615 278 1696 orto,
305 1617 333 1683 ai
355 1617 397 1682 ad
420 1625 524 1682 cetera
547 1639 626 1702 quoe
634 1617 719 1701 fieri
739 1618 772 1680 in
796 1617 889 1682 bruis
908 1617 1053 1701 caeloque
1078 1625 1205 1682 tuentur
1226 1637 1280 1682 rc-

145 1719 217 1786 lerri
232 1726 375 1804 possent,
399 1739 454 1786 eas
470 1707 532 1802 res,
551 1739 632 1804 quae
648 1723 680 1784 in
697 1721 786 1786 caelo
801 1718 891 1803 fiant,
909 1719 996 1786 haud
1011 1719 1167 1804 probabili
1183 1719 1276 1786 modo

145 1829 239 1906 pocta
267 1823 406 1889 efferret.
461 1823 543 1890 Nam
573 1822 609 1887 id
635 1823 759 1908 opinari
789 1843 853 1891 non
881 1822 1000 1908 potnit,
1026 1821 1213 1888 fulminibus
1242 1844 1279 1888 ac

145 1925 311 1992 tonitribus
334 1925 478 1993 homines
507 1924 621 1992 lortius
644 1926 763 1994 moveri
792 1945 888 2010 quam
917 1931 1021 1992 terrae
1050 1926 1204 2010 motibus,
1239 1926 1279 1992 dc

143 2028 256 2110 quibus
279 2037 392 2113 postca
413 2028 503 2096 dicit.
527 2065 572 2076 -

228 2130 389 2214 Sequitur,
414 2139 448 2197 ut
471 2132 512 2198 de
534 2131 680 2198 versibus

298 2234 375 2318 quid
394 2243 534 2318 nequeat,
547 2235 650 2320 finita
668 2242 810 2318 potestus
832 2234 963 2319 denique
985 2235 1095 2320 cuique

297 2357 433 2419 quartum
455 2337 497 2400 sit
518 2337 639 2401 ratione
661 2344 754 2420 atque
776 2337 840 2400 alte
864 2336 1013 2400 turnicius
1034 2337 1168 2402 haerena

141 2438 175 2502 in
198 2438 279 2504 libro
301 2438 403 2523 primo
425 2439 476 2506 bis
499 2439 644 2523 repetitis
671 2442 755 2522 (595.
781 2443 812 2520 6,
839 2442 891 2504 76.
917 2441 947 2522 7)
978 2438 1132 2505 dicamus.
1181 2441 1280 2505 Prae-

142 2541 261 2608 cedunt
282 2549 388 2608 autem
411 2548 545 2626 utroque
569 2544 640 2610 loco
662 2542 761 2608 verba
782 2542 859 2628 quid
873 2542 979 2626 poscit
1001 2543 1094 2622 oriri,
1120 2562 1185 2608 non
1206 2543 1284 2628 quiri

143 2653 237 2728 queat
265 2667 345 2727 eree,
381 2665 463 2729 quae
497 2646 531 2711 in
564 2645 676 2729 quinto
704 2645 785 2712 libro
814 2644 1021 2730 praecedunt.
1070 2647 1117 2711 Ac
1143 2646 1279 2730 primum

141 2745 271 2829 quidem
306 2748 479 2813 Purmanni
512 2748 710 2831 aliorumque
744 2747 922 2828 sententia,
963 2748 1018 2832 qui
1056 2748 1278 2833 repetitionem

141 2849 254 2915 borum
284 2868 435 2916 versuum
462 2857 696 2929 coexcubant,
721 2850 987 2934 quodeiscerta
1016 2851 1175 2936 quaedam
1205 2871 1281 2917 sen-

140 2951 253 3034 tentia,
280 2972 362 3035 quac
377 2953 452 3019 aliis
468 2954 575 3020 verbis
598 2953 760 3021 difficilius
780 2954 915 3038 exprimi
930 2954 1042 3039 possit,
1067 2955 1277 3033 contineatur,

141 3054 247 3121 minus
269 3056 433 3140 probatur,
459 3056 544 3138 quia,
571 3057 599 3122 si
622 3064 739 3124 certam
762 3058 921 3124 notionem
944 3065 1088 3142 repetere
1111 3058 1278 3134 voluisset,

141 3178 205 3224 non
235 3157 446 3225 dubitandum
476 3167 527 3226 est
552 3160 629 3243 quin
652 3160 749 3225 etiam
772 3159 894 3226 eisdem
917 3160 1033 3243 ubique
1055 3161 1162 3227 verbis
1184 3168 1282 3246 poeta

140 3281 257 3329 usurus
272 3263 379 3330 fuerit.
418 3263 532 3346 Itaque
547 3263 660 3328 mirum
683 3269 780 3344 esset,
806 3263 833 3328 si
848 3283 906 3348 pro
931 3264 1007 3347 quid
1027 3273 1122 3349 queat
1143 3285 1210 3328 esse
1238 3263 1280 3344 tin

140 3364 252 3447 quinto
281 3366 372 3449 libro)
408 3373 503 3451 poeta
532 3366 566 3431 in
595 3367 697 3450 primo
725 3365 803 3450 quid
826 3364 933 3448 possit
968 3367 1050 3430 oriri
1084 3365 1279 3452 scripsisset.

141 3468 212 3532 Iam
241 3489 317 3535 vero
347 3487 555 3551 quaeremus,
591 3488 666 3534 num
700 3475 788 3536 certa
814 3466 1071 3552 interpolationis
1100 3469 1196 3552 signa
1224 3487 1282 3533 ex-

141 3577 239 3636 stent.

621 3675 646 3754 1,
674 3679 748 3738 595.
775 3677 806 3739 o.

230 3775 308 3842 Inde
332 3795 469 3842 eversu
493 3777 523 3854 Ι,
550 3779 613 3840 592
636 3777 670 3842 in
692 3777 855 3843 codicibus
878 3775 958 3842 baec
981 3776 1147 3859 leguntur:

556 3901 629 3944 nom
650 3879 682 3943 si
695 3879 875 3963 primordia
897 3899 1003 3944 rerum

288 3982 474 4046 commutari
494 3981 601 4066 aliqua
618 3991 749 4064 poscent
770 3981 893 4046 ratione
915 3981 1042 4059 recubu,

287 4081 439 4148 incertum
462 4084 667 4169 quoquotum
689 4093 807 4150 constet
829 4083 907 4169 quid
921 4083 1026 4167 possit
1047 4083 1137 4162 oriri,

288 4186 366 4271 quid
384 4195 529 4271 nequeat,
542 4186 645 4271 fieriu
660 4195 805 4271 potestas
820 4185 951 4271 denique
967 4186 1076 4271 cuique

288 4311 423 4374 quaeum
444 4291 487 4354 sit
508 4289 629 4356 ratione
644 4300 738 4376 atque
753 4290 817 4356 ulte
841 4289 991 4355 terminus
1011 4289 1151 4370 haerens,

1060 4425 1074 4461 ι’)
