3258 4928
581 451 625 462 -
672 415 755 498 [aar]
803 449 846 462 -
1220 415 1282 476 ειε

149 629 207 690 γου
229 606 300 670 καί
326 603 412 688 [εδδ.
430 605 472 688 M]
500 615 571 680 τοῖς
601 600 732 669 πάθεσι
763 604 1128 685 καταλαμβανομένων.
1178 604 1281 669 Verba

149 705 191 776 δι’
210 707 404 796 αἰσθήσεως
420 702 545 794 ἀλόγου
567 719 638 785 τοῖς
661 703 802 786 πάθεσι,
830 726 912 790 quae
927 706 1022 789 volgo
1044 707 1192 786 eduntur,
1219 728 1280 773 non

148 814 226 879 beue
250 833 285 880 se
308 813 428 878 habere
442 810 563 876 dudum
584 811 781 877 intellectum
798 819 856 876 est.
897 809 1101 875 Ambrosiani
1116 829 1177 894 ope
1193 829 1278 892 vera

149 917 173 982 si
190 915 266 1000 quid
281 916 388 993 video,
405 915 500 982 leutio
516 913 699 999 reeuperari
714 921 829 998 potest.
861 912 1025 980 Articulus
1041 913 1116 997 quia
1130 913 1164 980 in
1179 913 1282 998 priore

148 1020 286 1086 membro
314 1020 421 1085 nullus
450 1025 573 1100 exstat,
607 1037 648 1083 ne
671 1028 741 1094 τοῖς
764 1016 893 1099 quidem
920 1025 994 1082 ante
1017 1011 1149 1082 πάθεσι
1176 1018 1279 1083 looum

148 1122 254 1188 habet.
301 1122 344 1189 At
366 1120 557 1188 adieetivum
580 1119 780 1188 desideratur
801 1121 898 1186 uerbo
922 1113 1046 1204 ἀλόγου
1070 1119 1278 1205 respondem,

148 1228 236 1293 ouius
258 1227 372 1293 ultima
394 1226 522 1310 syllaba
544 1225 586 1291 sit
608 1247 679 1300 τοις
701 1224 753 1290 vel
776 1246 859 1308 γοις.
906 1223 1092 1310 Dionysius,
1118 1224 1152 1290 ni
1174 1223 1280 1304 fallor,

149 1329 273 1415 scripsit
295 1336 361 1396 τῶν
383 1351 420 1412 γε
443 1322 491 1394 δι’
510 1325 705 1415 αἰσθήσεως
728 1320 854 1411 ἀλόγου
876 1328 933 1391 καί
957 1320 1129 1411 ἀλόγοις
1152 1325 1282 1392 πάθεσι

149 1433 519 1516 καταλαμβανομένωνε,
559 1431 601 1497 ef.
626 1451 657 1516 p.
679 1435 754 1495 4751
785 1436 884 1495 τοῦτο
914 1423 1005 1514 κάγὼ
1026 1442 1097 1506 τοῖς
1119 1424 1284 1516 ἀναγινώ-

149 1557 266 1602 οκουσι
288 1532 349 1602 τὸν
362 1539 502 1602 Λυσίαν
524 1534 581 1598 καὶ
603 1538 654 1611 τίς
676 1527 695 1620 ή
719 1527 804 1619 παρ’
823 1527 915 1618 αὐτῷ
943 1529 1040 1618 χάρις
1065 1531 1134 1598 ἐστὶ
1162 1534 1284 1615 δουλο-

148 1645 262 1722 μένοις
283 1644 422 1723 μαθεῖν,
448 1632 646 1724 ὑποθείμην
669 1632 711 1703 ἀν
726 1633 937 1724 ἐπιτηδεύειν
956 1633 1067 1724 χρόνῳ
1092 1637 1207 1722 πολλῷ
1229 1639 1282 1702 καί

148 1751 261 1830 μακρᾷ
283 1747 379 1830 τριβή
402 1743 459 1808 καὶ
483 1737 594 1826 ἀλόγῳ
618 1738 730 1807 πάθει
748 1738 809 1828 τήν
825 1735 949 1825 ἀλογον
964 1751 1145 1806 συνασκεῖν
1160 1739 1285 1828 α’ίσθη-

150 1871 214 1914 σιν.
271 1851 346 1914 184ο
368 1844 406 1912 τό
432 1841 557 1930 ἄλογον
580 1843 802 1928 ἐπιμαρτυρεῖ
824 1851 882 1932 τής
905 1838 1009 1931 ἀκοής
1030 1841 1159 1922 πάθος.

234 1975 266 2038 p.
286 1955 407 2017 82010ss
438 1945 675 2036 Προελόμενος
698 1945 829 2024 πολλάς
855 1949 911 2012 καὶ
934 1945 1122 2034 διαφόρους
1145 1946 1286 2032 πράξεις

149 2055 184 2120 ἔκ
208 2079 242 2120 τε
266 2061 324 2141 τής
344 2048 506 2140 Εὐρώπης
529 2051 565 2117 ἔκ
588 2076 623 2117 τε
647 2057 705 2138 τής
724 2048 838 2126 Ἀσίας
862 2049 910 2126 εἷς
932 2058 1011 2134 μιᾶς
1023 2055 1042 2135 ¹}
1071 2049 1286 2138 περιγραφήν

149 2161 383 2245 πραγματείας
400 2150 548 2240 ἀγαγεῖν.
595 2155 644 2220 Ex
667 2154 816 2237 Dionysii
838 2173 898 2219 usu
921 2155 1077 2220 rescribas
1100 2176 1285 2239 συναγα-

150 2272 256 2345 γεῖν,
283 2260 323 2325 el.
349 2280 382 2343 p.
402 2261 478 2322 821⁷
502 2256 550 2333 είς
572 2261 655 2339 μίαν
675 2255 828 2340 ἱστορίαν
844 2268 1056 2340 συναγαγεῖν.
1104 2258 1156 2321 32ι
1182 2279 1285 2323 συνα-
1362 2307 1366 2318 .

150 2363 236 2446 γθὲν
266 2359 314 2438 είς
343 2359 385 2448 ἢν
414 2357 478 2444 ἐγὼ
507 2357 704 2444 προῄρημαι
731 2363 978 2444 πραγματείαν.
1027 2361 1118 2424 811ιε
1141 2357 1286 2444 προελό-

149 2491 253 2550 μενον
282 2464 331 2541 είς
365 2462 542 2545 ἐλάχιστον
573 2457 674 2547 ἀγκον
708 2474 910 2547 συναγαγεῖν
943 2460 1003 2548 τήν
1036 2469 1283 2547 πραγματείαν.

149 2571 294 2636 Aliorum
310 2568 478 2634 verborum
501 2586 572 2632 eum
595 2565 831 2651 praepositione
852 2563 914 2631 σόν
936 2565 1182 2650 compositorum
1198 2565 1287 2632 simi-

149 2672 189 2738 lis
221 2691 314 2752 usus,
348 2670 446 2736 veluti
478 2689 511 2754 p.
528 2671 620 2734 sain
652 2668 701 2746 εἰς
731 2662 868 2751 ὁμιλίαν
898 2662 1097 2753 ἀνθρώποις
1128 2690 1287 2754 συνεργο-

149 2779 265 2856 μένας.
314 2777 367 2838 991
393 2779 557 2855 ποταμιῖιν
579 2772 616 2838 δέ
639 2797 675 2856 γε
699 2769 858 2857 σύρρυσις
880 2771 929 2849 εἰς
958 2777 1086 2860 χωρίον·
1113 2772 1160 2839 όν.
1209 2776 1282 2838 tear

151 2909 193 2934 =
209 2880 285 2943 seer
308 2873 420 2940 πολλὰ
443 2879 641 2941 συντιθέναι
663 2873 818 2962 νοήματα
841 2874 889 2952 εἰς
911 2875 958 2941 όν.

237 3002 270 3066 p.
289 2981 394 3046 satus
416 2979 514 3064 legas.
531 2985 666 3065 πρῶτον
687 2979 750 3061 μὲν
773 2977 812 3066 δή
832 2975 918 3044 κατὰ
934 2987 1032 3048 τοῦτο
1050 2980 1205 3068 διήλλαξε
1222 2987 1287 3046 τιῖιν

151 3083 218 3170 πρό
243 3077 348 3150 αὐτοῦ
377 3087 610 3169 συγγραφέων,
645 3083 730 3167 λέγω
758 3082 794 3148 δὲ
825 3080 911 3148 κατὰ
939 3080 975 3148 τὸ
1006 3085 1125 3166 λαβεῖν
1154 3078 1287 3150 ὑπόθε-

152 3213 207 3256 σιν
241 3185 323 3276 μήτε
353 3183 549 3271 μονόκωλον
579 3185 782 3252 παντάπασι
808 3180 900 3274 μήτ’
924 3181 1014 3274 [μηδ’
1033 3189 1070 3272 Ri
1098 3187 1146 3266 εἰς
1176 3187 1287 3254 πολλὰ

151 3296 398 3378 μεμερισμένην
419 3292 477 3356 καὶ
499 3283 713 3378 ἀσυνάρτητα
736 3287 918 3376 κεφάλαια.

237 3417 270 3480 p.
288 3397 409 3460 82312ss
442 3393 630 3479 Θουκυδίδῃ
661 3394 697 3460 δὲ
825 3388 885 3476 οὐχ
915 3388 1077 3481 ἥρμοττεν
1107 3392 1288 3478 ἐγκατα-

151 3503 295 3583 μίγειν
317 3504 356 3582 τῇ
380 3495 529 3585 διηγήσει
546 3496 611 3574 Ιτὰς
634 3496 819 3582 θεατρικὰς
841 3502 997 3584 γοητείας
1018 3497 1071 3562 M:
1107 3494 1287 3582 ἐγκαταμι-

151 3599 265 3686 γνύειν
287 3603 325 3666 Β.
372 3601 575 3667 Ambrosiani
605 3601 700 3667 lectio
723 3601 817 3668 doeet
846 3599 1183 3686 ἐγκαταμίσγειν
1210 3601 1289 3666 scri-

150 3704 291 3772 bendum
321 3723 404 3770 esse.
451 3705 541 3770 idem
571 3705 702 3770 verbum
732 3703 924 3790 Sylburgius
952 3726 984 3790 p.
1006 3707 1116 3770 roasa
1147 3725 1188 3770 ex
1218 3724 1286 3770 aor-

151 3817 248 3894 rupta
285 3809 480 3892 exemplaris
518 3809 654 3875 lectione
693 3805 1000 3892 έγκαταμιγόμενον
1036 3808 1195 3874 communi
1231 3808 1285 3874 illu

151 3911 283 3997 quidem
312 3931 383 3976 oum
412 3911 624 3978 Ambrosiano
653 3911 712 3977 etsi
743 3911 927 3978 dubitanter
957 3911 1076 3976 eliouit.
1127 3911 1221 3989 Quod
1251 3933 1288 3978 eo

151 4017 223 4084 loeo
253 4015 286 4080 in
316 4013 510 4080 editionibus
538 4014 653 4098 legitur
684 4010 1021 4099 dynatanryvdnavov,
1055 4014 1206 4080 Reiskius
1234 4036 1289 4082 eo-

151 4119 226 4185 dem
249 4124 376 4184 auotore
398 4116 504 4182 minus
527 4122 613 4182 reete
635 4115 732 4182 dedit.
782 4117 920 4182 Verbum
942 4121 1075 4199 μίσγειν
1097 4138 1116 4182 a
1139 4117 1287 4203 Dionysii

224 4345 240 4406 ¹]
262 4345 329 4412 μιᾶς
347 4341 469 4410 &nega
492 4341 564 4416 μίαν
582 4341 651 4395 MR·
