3258 4928
316 379 378 442 nac
752 414 795 424 -
843 379 926 462 μιν,
975 415 1016 424 -

315 565 436 632 sionem
467 565 668 652 aDicuysic
698 567 796 634 statui
825 573 933 646 ratus,
967 587 1038 634 cum
1069 566 1101 632 in
1132 567 1272 634 secundo
1304 567 1454 652 exemplo

314 671 414 736 verba
435 669 565 736 minime
594 669 681 736 idem
704 670 887 754 significare
909 671 1046 754 videret,
1081 671 1207 756 proprio
1229 670 1331 738 Marte
1354 672 1454 758 φιλο-

314 777 489 855 τιμεῖσθαι
519 781 551 839 et
581 770 800 857 ἐγκωμιάζειν
828 774 874 840 ita
903 775 1011 860 aliquo
1039 774 1132 840 modo
1154 774 1270 854 iunxit,
1302 781 1337 840 nt
1364 774 1454 858 glou-

314 895 403 942 eernn
426 875 559 942 adderet
587 898 651 943 non
674 875 711 943 τὸ
736 875 799 962 γάρ
823 871 905 945 αὐτὸ
930 880 1191 965 φιλοτιμεῖσθαί
1213 903 1248 944 τε
1271 879 1328 944 καὶ
1351 877 1454 963 ἐγκω-

313 977 456 1062 μιάζειν,
490 980 546 1046 sed
577 977 614 1044 τὸ
645 977 708 1067 γάρ
738 975 820 1048 αὐτὸ
845 983 1106 1069 φιλοτιμεῖσθαί
1136 1005 1170 1048 τε
1199 983 1257 1047 καὶ
1286 980 1449 1048 ἐπαινεῖν.

313 1085 457 1168 Expulac
480 1084 539 1149 hoc
562 1085 844 1170 interpretamento
861 1086 956 1152 etiarn
974 1087 1073 1152 verba
1097 1083 1237 1169 δυνάμει
1260 1083 1323 1173 γὰρ
1348 1081 1452 1173 άμφω

314 1181 420 1254 ταάτά
453 1188 563 1253 labant
595 1195 627 1254 et
655 1188 689 1254 in
722 1189 937 1276 suspicionem
971 1196 1135 1256 vocantur.
1190 1189 1274 1256 Nam
1308 1197 1452 1275 praeter-

313 1311 408 1375 quam
440 1291 525 1374 quod
555 1292 681 1358 tertium
704 1293 903 1358 enuntiatum
929 1287 1020 1380 ῆρκει
1049 1291 1112 1378 γάρ
1136 1293 1206 1358 κτλ.
1232 1303 1383 1379 suspecta
1412 1314 1450 1359 ea

313 1394 429 1475 reddit,
452 1395 549 1460 etiam
564 1395 724 1462 sententia
736 1395 938 1476 damnantur,
958 1415 1052 1481 quern
1065 1417 1135 1462 eum
1149 1397 1325 1482 Dionysius
1337 1397 1453 1464 dixerit

314 1498 365 1575 δὶς
389 1493 408 1586 ἢ
430 1499 502 1584 τρίς
529 1496 576 1562 τὰ
599 1493 705 1565 αὐτὰ
726 1500 834 1584 λέγων
861 1501 903 1586 (p.
925 1502 1045 1580 iddssrc]
1073 1508 1106 1566 et
1129 1497 1227 1587 ἐνῆν
1251 1549 1258 1563 .
1280 1549 1314 1565 ..
1343 1498 1379 1565 ἐν
1407 1506 1454 1582 τῷ

314 1600 436 1686 πρώτῳ
459 1600 554 1685 κώλῳ
578 1607 624 1688 τῷ
649 1651 655 1664 .
678 1651 711 1667 ..
740 1599 776 1667 τὸ
805 1651 868 1667 ...
894 1621 1027 1688 prorsus
1049 1603 1190 1688 ineptam
1213 1623 1286 1670 caue
1314 1625 1377 1670 non
1404 1616 1453 1670 eet

312 1703 398 1788 quod
421 1703 567 1788 pluribus
589 1724 775 1788 persequar.
823 1706 891 1770 Iam
915 1725 987 1772 cnm
1010 1713 1056 1772 tct
1078 1705 1254 1772 damnandi
1277 1727 1395 1774 causac
1419 1707 1453 1771 in

314 1827 376 1872 unc
407 1806 571 1872 enuntiato
602 1815 805 1890 concurrant,
840 1807 979 1875 hominia
1007 1808 1097 1876 acioli
1128 1809 1304 1875 doctrinam
1334 1809 1455 1876 eDic

313 1909 397 1995 nyrii
428 1910 533 1976 verbis
566 1930 731 1977 removere
765 1930 828 1976 non
857 1911 975 1978 dubito.
1024 1911 1130 1978 Unum
1161 1912 1311 1978 mendum
1339 1919 1452 1980 restat.

314 2013 420 2079 Verba
449 2011 527 2101 ἐξῆν
556 2035 590 2080 τε
621 2011 684 2100 γὰρ
717 2017 801 2098 μίαν
834 2012 870 2080 ἐκ
900 2022 967 2081 τῶν
993 2015 1087 2082 δυεῖν
1120 2023 1262 2103 ποιῆσαι
1292 2015 1455 2101 περίοδον

313 2123 443 2202 propter
475 2117 666 2202 particulam
702 2139 737 2182 τε
766 2117 876 2201 ntique
908 2120 1086 2185 membrum
1119 2119 1318 2204 respondens
1346 2119 1454 2202 requi-

312 2229 397 2286 runt.
443 2219 535 2298 Quod
565 2239 636 2286 eum
663 2239 727 2286 non
750 2221 851 2302 adsit,
883 2221 1041 2287 voeabula
1063 2245 1098 2287 τε
1121 2219 1184 2306 γάρ
1212 2228 1360 2307 corrupta
1382 2241 1455 2287 eane

313 2341 440 2404 censen,
467 2343 536 2389 cnm
561 2324 748 2407 praesertim
772 2325 821 2388 via
845 2321 1020 2408 particulae
1043 2322 1106 2409 γάρ
1129 2325 1220 2392 nulla
1242 2324 1293 2390 sit.
1342 2323 1453 2390 Scribo

314 2424 391 2514 ἐξῆν
428 2425 472 2491 δέ
509 2449 552 2511 γε
587 2429 670 2509 μίαν
704 2425 739 2492 ἐκ
777 2433 842 2492 τῶν
880 2427 973 2493 δυεῖν
1009 2435 1151 2514 ποιῆσαι
1188 2427 1366 2514 περίοδον,
1409 2427 1449 2493 el.

314 2533 479 2615 ρ.101οιο
507 2530 558 2613 (cs.
592 2549 667 2615 pag.
687 2531 727 2594 97
758 2530 853 2596 adh.
882 2531 917 2615 l.)
946 2529 1022 2619 ἐξῆν
1050 2531 1087 2596 δέ
1114 2553 1150 2616 γε
1181 2525 1283 2618 αὐτῆς
1313 2535 1454 2616 συστρέ-

315 2637 410 2718 ψαιί)
432 2631 468 2698 τὸ
487 2630 626 2709 πλάτος.
674 2635 789 2699 Totum
811 2633 910 2717 igitur
930 2634 1015 2701 huuc
1034 2635 1137 2700 locum
1161 2633 1237 2700 inde
1260 2655 1325 2720 ap.
1341 2637 1453 2700 100814

313 2738 359 2804 ita
389 2738 560 2804 constituo:
599 2729 739 2813 Εὐθέως
768 2743 850 2821 γοῦν
880 2735 941 2825 τῆν
969 2735 1108 2824 πρώτην
1140 2735 1296 2804 διάνοιαν
1326 2731 1455 2823 ὀλίγοις

315 2838 419 2929 (τοῖς)
448 2834 614 2922 ὀνόμασιν
642 2839 861 2928 ἐξενεχθῆναι
891 2839 1082 2928 δυναμένην
1110 2837 1244 2925 μακρὰν
1272 2853 1365 2906 ποιεῖ
1393 2865 1455 2907 κυ-

315 2945 517 3029 κλογραφῶν
538 2944 595 3008 καὶ
618 2943 671 3020 δίς
692 2937 712 3030 ἢ
735 2943 807 3028 τρὶς
823 2942 864 3008 τὰ
887 2938 974 3010 αὐτὰ
997 2944 1115 3028 λίνεον.
1148 2942 1226 3031 ἐνῆν
1248 2943 1311 3026 μὲν
1333 2932 1393 3009 οὖν
1416 2941 1456 3008 ἐν

315 3053 362 3132 τῷ
390 3044 512 3131 πρώτῳ
543 3045 637 3131 κιάλιμ
667 3053 712 3132 τῷ
744 3050 826 3125 ,,Τίς
856 3043 919 3131 γὰρ
950 3041 993 3112 άν
1021 3041 1171 3112 άλλοθεν
1199 3043 1382 3112 recteest
1414 3043 1453 3110 τὸ

318 3149 411 3230 9,Καὶ
444 3147 489 3237 μῆ
523 3149 842 3236 συνδιεφθαρμένος
875 3143 970 3237 ἡμῖν,
1012 3143 1087 3214 ἀλλ’
1114 3147 1277 3236 ἐξαίφνης
1311 3145 1456 3226 ἐπιστὰς

316 3265 386 3332 τοῖς
416 3257 643 3338 γινομένοις“,
678 3255 735 3318 καὶ
766 3251 802 3318 ἐν
831 3260 877 3336 τῷ
909 3255 973 3330 „02
1004 3249 1281 3340 φιλοτιμούμεθα
1309 3252 1374 3334 μὲν
1395 3249 1454 3316 ἐπὶ

315 3371 387 3435 τοῖς
418 3365 484 3422 των
513 3354 693 3442 προγόνων
721 3355 857 3442 ἐργοις“
890 3355 927 3421 τὸ
963 3357 1060 3435 „nar
1093 3353 1153 3442 τὴν
1186 3353 1289 3422 πάλιν
1323 3353 1359 3420 ἐκ
1388 3361 1459 3420 τῶν

317 3459 392 3528 τότε
417 3465 645 3546 πραχθέντων
668 3457 888 3544 ἐγκωμιάζειν
905 3453 1095 3542 άξιοῦμε’ν“,
1122 3459 1179 3523 καὶ
1202 3457 1299 3544 ἐντῷ
1323 3451 1458 3538 „Odere

315 3673 427 3735 τίον“.
455 3664 545 3754 ῆρκει
568 3664 631 3752 γὰρ
656 3661 765 3732 αὐτῶν
787 3665 947 3752 εἰρῆσθαι
963 3664 1125 3750 θάτερον·
1153 3663 1231 3751 ἐξῆν
1252 3663 1290 3730 δέ
1312 3686 1348 3748 γε
1371 3669 1459 3746 μίαν

317 3772 351 3839 έν.
375 3763 440 3838 τῶν
462 3772 555 3837 δυεῖν
576 3777 718 3858 ποιῆσαι
741 3769 903 3854 περίοδον
932 3771 989 3834 καὶ
1019 3773 1278 3854 συντομωτέραν
1304 3769 1364 3834 καὶ,
1390 3792 1458 3849 χα-

316 3879 506 3963 ριεστέραν·
541 3878 624 3952 ηΤίς
648 3925 654 3938 .
678 3925 684 3938 .
707 3925 713 3938 .
739 3871 970 3958 coniunctast:

404 4001 435 4064 p.
459 3981 583 4044 indens
613 3974 743 4063 Μαιρὰ
770 3978 833 4059 μὲν
863 3964 923 4042 οὖν
947 3969 963 4063 n]
988 3976 1076 4054 λέξις
1107 3967 1213 4052 οὕτως
1244 3973 1335 4040 ἐστὶν
1361 3967 1459 4060 αὐτῷ

325 4103 374 4150 ae.
404 4082 613 4147 12—151itt.
640 4094 712 4146 τεῑα
736 4081 772 4147 δὲ
800 4082 856 4144 καὶ
884 4073 1132 4165 ἀσυγκρότητος
1163 4084 1234 4154 meg
1256 4077 1299 4143 M.
1347 4077 1458 4143 Laeu-

317 4225 522 4235 μοι

388 4307 403 4369 1)
427 4305 581 4372 συστρέψαι
600 4304 694 4374 Syib.:
716 4301 885 4374 ἐπιπρέψαι
903 4301 970 4356 MR.
