3262 4926
792 383 1005 446 „26-

330 589 446 655 genem
461 570 626 636 Laenium
642 570 685 652 X,
705 575 757 634 41.
777 573 796 633 2
817 570 1029 654 intellegitur:
1056 571 1113 634 καὶ
1127 567 1194 656 μὴν
1209 571 1266 634 καὶ
1281 576 1327 656 τῷ
1342 568 1476 658 πλήθει

331 679 396 738 τῶν
403 671 570 756 σωμάτιον
577 669 722 760 ἄπειρόν
730 671 801 738 ἐστι
810 669 846 737 τὸ
856 679 928 738 πᾶν
934 673 992 736 καὶ
1003 679 1050 758 τῷ
1061 677 1202 757 μεγέθει
1210 680 1271 739 τοῦ
1277 679 1389 740 κενοῦ·
1405 672 1473 740 εἴτε

330 772 394 863 γὰρ
410 765 451 864 ἦν
466 773 503 842 τὸ
520 773 620 842 κενὸν
635 771 788 862 ἄπειρον,
809 772 851 840 τὰ
866 775 903 841 δὲ
916 772 1055 858 στύματα
1067 769 1246 861 ὡρισμένα,
1264 769 1418 858 οὐδαμοῦ
1430 771 1474 843 ἂν

330 878 426 962 ἔμενε
438 876 481 944 τὰ
492 877 642 963 σώματα,
654 873 724 944 ἀλλ’
737 877 877 966 ἐφέρετο
890 875 976 943 κατὰ
988 875 1025 942 τὸ
1040 873 1185 965 ἄπειρον
1195 875 1294 946 κενὸν
1305 879 1473 964 διεσπαρ-

329 987 432 1064 μένα,
468 977 527 1049 οὐκ
558 981 679 1064 ἔχοντα
702 979 744 1047 τὰ
766 975 990 1068 ὑπερείδοντα
1014 983 1071 1048 καὶ
1094 983 1276 1048 στέλλοντα
1299 980 1385 1048 κατὰ
1409 979 1471 1059 τὰς

330 1080 518 1162 ἀνακοπάς.
554 1085 644 1152 Haeo
658 1087 757 1170 igitur
781 1079 974 1168 οὐδαμοῦ
998 1080 1047 1152 ἂν
1069 1085 1194 1168 ἔμενε
1218 1082 1466 1168 τὰσώματα,

329 1182 413 1254 ἀλλ’
446 1187 628 1275 ἐφέρετο
658 1185 766 1252 κατὰ
802 1184 847 1253 τὸ
880 1185 1068 1275 ἄπειρον
1098 1184 1227 1255 κενὸν
1257 1187 1471 1274 διεσπαρ-

320 1297 433 1374 μένα
462 1312 534 1358 cum
565 1311 719 1358 conversa
755 1291 823 1358 fere
852 1293 987 1358 redeant
1020 1293 1054 1357 in
1085 1292 1232 1358 versibus
1266 1291 1469 1358 Lucretiuuis

333 1397 517 1460 1014-18:

472 1521 527 1562 noc
549 1521 637 1564 more
658 1521 713 1563 noc
737 1498 830 1562 tellus
852 1520 951 1584 neque
973 1498 1056 1562 coeli
1076 1497 1182 1562 Ιασαία
1206 1498 1322 1582 templo

471 1625 528 1666 nec
549 1603 683 1666 mortale
703 1625 801 1687 penos
823 1623 880 1666 nco
901 1602 1009 1666 divom
1031 1622 1163 1690 corporo
1185 1607 1296 1666 sancto

472 1704 617 1789 enipeum
634 1713 764 1788 possent
785 1704 879 1768 horai
898 1704 1008 1768 soom
1033 1712 1172 1787 tempos.-

472 1829 548 1871 οσον
569 1808 712 1891 dispulsa
732 1829 787 1872 ouo
810 1809 849 1871 de
871 1817 958 1872 coetu
979 1806 1131 1871 materici

472 1911 563 1994 coptu
575 1913 728 1997 ferretur
749 1932 897 1996 mopncm
913 1933 976 1994 per
999 1911 1092 1976 inane
1113 1911 1226 1991 soluto,

328 2012 539 2096 sumptionem
568 2032 694 2096 quoque
728 2011 775 2094 (al
803 2009 847 2078 τὸ
878 2008 1004 2079 κενὸν
1033 2007 1216 2098 ἄπειρον
1245 1999 1309 2099 ἦν,
1342 2009 1392 2076 τὰ
1421 2013 1466 2080 δὲ

328 2113 501 2197 στύματα
539 2109 766 2203 ὡρισμένα)
804 2116 893 2201 apud
926 2117 1109 2182 Lucretium
1143 2115 1250 2182 redire
1283 2125 1464 2200 exspeeoes.

327 2217 452 2285 Deinde
474 2219 507 2284 in
529 2220 676 2286 versibus
702 2222 883 2285 1008-13
911 2219 952 2286 de
980 2218 1106 2285 infinita
1135 2219 1228 2303 copia
1256 2219 1412 2284 materiae
1432 2227 1468 2284 et

327 2319 434 2387 inanis
450 2322 497 2386 itu
519 2341 623 2387 sermo
645 2321 691 2404 fit,
717 2329 753 2387 ut
774 2322 910 2388 alteram
932 2322 974 2388 ab
996 2323 1100 2405 altera
1122 2320 1304 2388 necessario
1323 2321 1467 2405 pendere

306 2415 487 2508 probetur.
523 2424 640 2490 indeo
657 2429 739 2489 1014
755 2445 830 2490 vero
847 2445 948 2509 usque
966 2424 1008 2490 ad
1027 2428 1103 2489 1051
1124 2424 1356 2490 demonstravit
1370 2433 1468 2508 poeta

326 2526 405 2592 nihil
439 2535 582 2594 creatum
615 2547 713 2612 posse
743 2535 904 2608 constare,
938 2527 1001 2593 uisi
1032 2527 1187 2594 materiae
1216 2527 1311 2612 copia
1338 2527 1467 2592 infinita

325 2638 422 2696 esset.
463 2630 692 2696 Desideramus
714 2631 814 2716 igitur
835 2629 1007 2714 quaedam,
1034 2630 1152 2713 quibus
1176 2631 1341 2714 professus
1363 2631 1406 2696 sit
1427 2650 1466 2696 se

326 2732 480 2799 infinitam
504 2753 576 2800 esse
599 2735 766 2800 materiam
789 2734 1079 2800 demonstraturum
1102 2734 1193 2800 nulla
1215 2733 1338 2800 ratione
1353 2733 1466 2800 habita

325 2837 395 2902 eius
418 2836 685 2916 necessitudinis,
717 2857 799 2920 quoe
829 2838 912 2902 iuter
940 2856 1054 2922 corpus
1084 2845 1117 2902 et
1145 2837 1242 2903 inane
1271 2837 1462 2902 intercedat.

326 2937 418 3014 Quod
440 2937 474 3002 iu
504 2939 620 3004 lacuna
649 2940 725 3006 olim
752 2939 890 3005 infuisse
918 2959 1052 3005 neeesse
1081 2948 1142 3006 est.
1189 2939 1289 3022 Atqui
1319 2959 1390 3004 oum
1419 2941 1462 3022 ei,

325 3039 504 3124 dequibus
527 3042 665 3125 egimus,
691 3063 803 3109 versus

533 3147 671 3210 oersr'bus
693 3147 855 3210 ostendum
877 3146 1063 3229 corpusculo
1083 3145 1232 3210 οιαὶονίαὲ

531 3269 569 3311 ατ
591 3249 712 3332 irpinito
734 3271 886 3314 mmmom
909 3271 1013 3313 rernm
1036 3271 1133 3332 toque
1156 3257 1258 3312 tenero

531 3352 667 3437 credique
682 3353 810 3435 protelo
827 3353 1001 3435 ploporum
1024 3352 1204 3416 continuato

324 3453 422 3518 talem
436 3443 663 3521 indicationem
680 3455 867 3520 contineant
889 3493 923 3502 -
946 3476 1020 3520 narn
1043 3453 1127 3538 quod
1143 3474 1207 3519 non
1224 3473 1377 3538 expresse
1392 3453 1465 3520 dic-

323 3564 389 3621 tum
413 3564 481 3639 est,
514 3565 643 3642 poetam
673 3558 715 3623 ad
744 3578 834 3638 eam,
867 3578 949 3641 quae
975 3556 1155 3624 intercedat
1184 3558 1267 3624 iuter
1289 3577 1405 3642 corpus
1429 3567 1464 3624 et

322 3661 436 3738 inane,
462 3661 617 3726 rationem
640 3682 703 3726 non
726 3681 798 3726 esse
820 3668 1054 3746 respecturum,
1081 3661 1114 3726 id
1144 3661 1224 3726 nihil
1254 3661 1355 3740 valet,
1382 3681 1467 3743 quo-

323 3763 427 3842 niam,
461 3784 532 3830 cum
563 3771 639 3830 ante
665 3763 824 3829 infinitam
847 3784 919 3830 esse
942 3764 1094 3830 materiae
1117 3765 1242 3848 copiam
1264 3764 1461 3847 probaverit,

322 3865 399 3947 quia
421 3865 518 3933 inune
541 3869 676 3933 alteram
696 3867 837 3932 universi
853 3875 976 3952 portem
992 3875 1112 3946 teneat,
1140 3866 1167 3932 si
1183 3865 1288 3932 denuo
1304 3865 1467 3932 infinitam

322 3989 396 4036 esse
418 3971 571 4038 materiae
586 3971 711 4054 copiam
728 3969 1004 4036 demonstraturus
1021 3977 1079 4050 est,
1106 3969 1141 4034 id
1156 3970 1203 4034 ito
1217 3976 1340 4034 tuntum
1357 3969 1467 4035 faeere

324 4082 447 4161 potest,
488 4082 524 4140 ut
559 4074 647 4138 illius
684 4074 865 4158 argumenti
903 4073 1025 4138 nullam
1063 4073 1219 4138 rationem
1257 4072 1377 4138 habeat
1409 4109 1463 4152 -,

321 4177 439 4246 deinde
462 4197 535 4244 oum
558 4177 592 4242 hi
614 4197 744 4258 versus,
771 4176 826 4260 qui
848 4175 891 4241 sd
912 4177 961 4258 Π,
988 4179 1050 4241 528
1075 4175 1257 4260 explicandi
1280 4195 1381 4240 cause
1403 4175 1468 4242 ad-

322 4282 434 4366 scripti
458 4288 543 4358 sunt,
569 4280 657 4346 nullo
680 4279 745 4346 alio
768 4280 837 4346 loco
860 4280 892 4344 iu
917 4279 1080 4346 codicibus
1104 4279 1225 4345 servati
1242 4279 1330 4358 sint,
1357 4298 1468 4348 nonne
