<?xml version="1.0" encoding="UTF-8"?>
<!DOCTYPE html PUBLIC "-//W3C//DTD XHTML 1.0 Transitional//EN"
    "http://www.w3.org/TR/xhtml1/DTD/xhtml1-transitional.dtd">
<html xmlns="http://www.w3.org/1999/xhtml" xml:lang="en" lang="en">
 <head>
  <title>
</title>
<meta http-equiv="Content-Type" content="text/html;charset=utf-8" />
  <meta name='ocr-system' content='tesseract 3.04.00' />
  <meta name='ocr-capabilities' content='ocr_page ocr_carea ocr_par ocr_line ocrx_word'/>
</head>
<body>
  <div class='ocr_page' id='page_1' title='image "./dissertationesp01stragoog_0028.png"; bbox 0 0 3274 4938; ppageno 0'>
   <div class='ocr_carea' id='block_1_1' title="bbox 637 433 853 499">
    <p class='ocr_par' dir='ltr' id='par_1_1' title="bbox 637 433 853 499">
     <span class='ocr_line' id='line_1_1' title="bbox 637 433 853 499; baseline 0 -19"><span class='ocrx_word' id='word_1_1' title='bbox 637 433 853 499; x_wconf 63' lang='lat'>..19-</span> 
     </span>
    </p>
   </div>
   <div class='ocr_carea' id='block_1_2' title="bbox 78 594 1320 1119">
    <p class='ocr_par' dir='ltr' id='par_1_2' title="bbox 78 594 1320 1119">
     <span class='ocr_line' id='line_1_2' title="bbox 263 594 1320 694; baseline -0.004 -20"><span class='ocrx_word' id='word_1_2' title='bbox 263 609 490 694; x_wconf 85' lang='lat' dir='ltr'>Nonnusquam</span> <span class='ocrx_word' id='word_1_3' title='bbox 509 611 597 674; x_wconf 91' lang='lat' dir='ltr'>aliud</span> <span class='ocrx_word' id='word_1_4' title='bbox 616 610 778 692; x_wconf 88' lang='lat' dir='ltr'>epitheton</span> <span class='ocrx_word' id='word_1_5' title='bbox 798 610 830 674; x_wconf 91' lang='lat' dir='ltr'>in</span> <span class='ocrx_word' id='word_1_6' title='bbox 850 608 986 672; x_wconf 79' lang='lat' dir='ltr'>formula</span> <span class='ocrx_word' id='word_1_7' title='bbox 1004 608 1087 690; x_wconf 87' lang='lat' dir='ltr'>apud</span> <span class='ocrx_word' id='word_1_8' title='bbox 1107 594 1320 690; x_wconf 80' lang='lat' dir='ltr'>Theognidem</span> 
     </span>
     <span class='ocr_line' id='line_1_3' title="bbox 78 713 1166 799; baseline -0.002 -18"><span class='ocrx_word' id='word_1_9' title='bbox 78 741 86 748; x_wconf 90' lang='lat'>·</span> <span class='ocrx_word' id='word_1_10' title='bbox 119 747 136 787; x_wconf 72' lang='grc'>,;</span> <span class='ocrx_word' id='word_1_11' title='bbox 172 717 349 782; x_wconf 81' lang='lat' dir='ltr'><strong>invenimus</strong></span> <span class='ocrx_word' id='word_1_12' title='bbox 372 723 469 799; x_wconf 90' lang='lat' dir='ltr'>atque</span> <span class='ocrx_word' id='word_1_13' title='bbox 493 716 648 782; x_wconf 82' lang='lat' dir='ltr'>Homerus</span> <span class='ocrx_word' id='word_1_14' title='bbox 671 717 705 784; x_wconf 87' lang='lat' dir='ltr'>in</span> <span class='ocrx_word' id='word_1_15' title='bbox 728 717 839 782; x_wconf 83' lang='lat' dir='ltr'>eadem</span> <span class='ocrx_word' id='word_1_16' title='bbox 862 715 999 782; x_wconf 88' lang='lat' dir='ltr'>formula</span> <span class='ocrx_word' id='word_1_17' title='bbox 1020 713 1166 798; x_wconf 86' lang='lat' dir='ltr'>praebet:</span> 
     </span>
     <span class='ocr_line' id='line_1_4' title="bbox 308 819 1159 906; baseline -0.002 -20"><span class='ocrx_word' id='word_1_18' title='bbox 308 822 363 888; x_wconf 86' lang='lat' dir='ltr'>cfr.</span> <span class='ocrx_word' id='word_1_19' title='bbox 388 822 424 886; x_wconf 93' lang='lat' dir='ltr'>Il.</span> <span class='ocrx_word' id='word_1_20' title='bbox 449 824 479 898; x_wconf 88' lang='grc'>3,</span> <span class='ocrx_word' id='word_1_21' title='bbox 499 821 554 894; x_wconf 65' lang='lat' dir='ltr'>fio.</span> <span class='ocrx_word' id='word_1_22' title='bbox 579 823 631 899; x_wconf 94' lang='grc'>20,</span> <span class='ocrx_word' id='word_1_23' title='bbox 655 822 719 890; x_wconf 80' lang='lat'>265</span> <span class='ocrx_word' id='word_1_24' title='bbox 744 829 851 888; x_wconf 79' lang='grc' dir='ltr'><strong><em>θεῶν</em></strong></span> <span class='ocrx_word' id='word_1_25' title='bbox 876 819 1030 906; x_wconf 73' lang='grc' dir='ltr'><strong><em>ἐρικυδέα</em></strong></span> <span class='ocrx_word' id='word_1_26' title='bbox 1053 821 1159 906; x_wconf 82' lang='grc' dir='ltr'><strong><em>δῶρα</em></strong></span> 
     </span>
     <span class='ocr_line' id='line_1_5' title="bbox 308 921 1171 1013; baseline -0.002 -21"><span class='ocrx_word' id='word_1_27' title='bbox 308 935 341 994; x_wconf 90' lang='lat' dir='ltr'>et</span> <span class='ocrx_word' id='word_1_28' title='bbox 363 928 501 1012; x_wconf 84' lang='lat' dir='ltr'>Theogn.</span> <span class='ocrx_word' id='word_1_29' title='bbox 528 928 613 994; x_wconf 76' lang='lat'>1033</span> <span class='ocrx_word' id='word_1_30' title='bbox 637 934 743 995; x_wconf 73' lang='grc' dir='ltr'><strong><em>θεῶν</em></strong></span> <span class='ocrx_word' id='word_1_31' title='bbox 768 921 801 994; x_wconf 76' lang='grc' dir='ltr'><strong><em>δ’</em></strong></span> <span class='ocrx_word' id='word_1_32' title='bbox 825 925 1004 1013; x_wconf 76' lang='grc' dir='ltr'><strong><em>εἱμαρμένα</em></strong></span> <span class='ocrx_word' id='word_1_33' title='bbox 1029 927 1171 1012; x_wconf 61' lang='grc' dir='ltr'><strong><em>δῶραῑ)</em></strong></span> 
     </span>
     <span class='ocr_line' id='line_1_6' title="bbox 308 1026 1178 1119; baseline -0.002 -19"><span class='ocrx_word' id='word_1_34' title='bbox 308 1034 363 1100; x_wconf 83' lang='lat' dir='ltr'>olr.</span> <span class='ocrx_word' id='word_1_35' title='bbox 389 1034 423 1100; x_wconf 94' lang='lat' dir='ltr'>ll.</span> <span class='ocrx_word' id='word_1_36' title='bbox 448 1035 502 1111; x_wconf 91' lang='lat'>20,</span> <span class='ocrx_word' id='word_1_37' title='bbox 524 1034 564 1098; x_wconf 90' lang='lat'>31</span> <span class='ocrx_word' id='word_1_38' title='bbox 589 1031 766 1119; x_wconf 82' lang='grc' dir='ltr'><strong><em>πόλεμον</em></strong></span> <span class='ocrx_word' id='word_1_39' title='bbox 790 1027 824 1100; x_wconf 80' lang='grc' dir='ltr'><strong><em>δ’</em></strong></span> <span class='ocrx_word' id='word_1_40' title='bbox 848 1026 1009 1100; x_wconf 74' lang='grc' dir='ltr'><strong><em>ἀλίαστον</em></strong></span> <span class='ocrx_word' id='word_1_41' title='bbox 1033 1032 1178 1118; x_wconf 79' lang='grc' dir='ltr'><strong><em>ἐγείρει</em></strong></span> 
     </span>
    </p>
   </div>
   <div class='ocr_carea' id='block_1_3' title="bbox 308 1136 1199 1226">
    <p class='ocr_par' dir='ltr' id='par_1_3' title="bbox 308 1136 1199 1226">
     <span class='ocr_line' id='line_1_7' title="bbox 308 1136 1199 1226; baseline -0.004 -20"><span class='ocrx_word' id='word_1_42' title='bbox 308 1149 342 1206; x_wconf 92' lang='lat' dir='ltr'>et</span> <span class='ocrx_word' id='word_1_43' title='bbox 365 1141 502 1224; x_wconf 86' lang='lat' dir='ltr'>Theogn.</span> <span class='ocrx_word' id='word_1_44' title='bbox 527 1141 591 1206; x_wconf 84' lang='grc'>549</span> <span class='ocrx_word' id='word_1_45' title='bbox 615 1137 791 1225; x_wconf 80' lang='grc' dir='ltr'><strong><em>πόλεμον</em></strong></span> <span class='ocrx_word' id='word_1_46' title='bbox 814 1136 1033 1226; x_wconf 75' lang='grc' dir='ltr'><strong><em>πολύδακρυν</em></strong></span> <span class='ocrx_word' id='word_1_47' title='bbox 1057 1139 1199 1226; x_wconf 75' lang='grc' dir='ltr'><strong><em>ἐγείρει</em></strong></span> 
     </span>
    </p>
   </div>
   <div class='ocr_carea' id='block_1_4' title="bbox 42 1239 1325 1334">
    <p class='ocr_par' dir='ltr' id='par_1_4' title="bbox 42 1239 1325 1334">
     <span class='ocr_line' id='line_1_8' title="bbox 42 1239 1325 1334; baseline 0 -22"><span class='ocrx_word' id='word_1_48' title='bbox 42 1323 53 1331; x_wconf 46' lang='grc'><em>,</em></span> <span class='ocrx_word' id='word_1_49' title='bbox 174 1244 330 1334; x_wconf 77' lang='grc' dir='ltr'><strong><em>ἐρικοδὴς</em></strong></span> <span class='ocrx_word' id='word_1_50' title='bbox 353 1254 386 1312; x_wconf 92' lang='lat' dir='ltr'>et</span> <span class='ocrx_word' id='word_1_51' title='bbox 410 1239 566 1324; x_wconf 76' lang='grc' dir='ltr'><strong><em>ἀλίαστος</em></strong></span> <span class='ocrx_word' id='word_1_52' title='bbox 584 1248 739 1312; x_wconf 87' lang='lat' dir='ltr'>vocabula</span> <span class='ocrx_word' id='word_1_53' title='bbox 757 1268 826 1312; x_wconf 89' lang='lat' dir='ltr'>cum</span> <span class='ocrx_word' id='word_1_54' title='bbox 845 1247 1038 1328; x_wconf 80' lang='lat' dir='ltr'>Theognidis</span> <span class='ocrx_word' id='word_1_55' title='bbox 1057 1252 1163 1312; x_wconf 90' lang='lat' dir='ltr'>aetate</span> <span class='ocrx_word' id='word_1_56' title='bbox 1182 1246 1325 1312; x_wconf 86' lang='lat' dir='ltr'>obsoleta</span> 
     </span>
    </p>
   </div>
   <div class='ocr_carea' id='block_1_5' title="bbox 91 1355 1353 3990">
    <p class='ocr_par' dir='ltr' id='par_1_5' title="bbox 91 1355 1326 1547">
     <span class='ocr_line' id='line_1_9' title="bbox 91 1355 1326 1442; baseline 0 -24"><span class='ocrx_word' id='word_1_57' title='bbox 91 1439 96 1442; x_wconf 31' lang='grc'>-</span> <span class='ocrx_word' id='word_1_58' title='bbox 173 1357 340 1438; x_wconf 88' lang='lat' dir='ltr'>nequead</span> <span class='ocrx_word' id='word_1_59' title='bbox 366 1355 486 1437; x_wconf 78' lang='lat' dir='ltr'>elegiae</span> <span class='ocrx_word' id='word_1_60' title='bbox 510 1375 609 1436; x_wconf 85' lang='lat' dir='ltr'>genus</span> <span class='ocrx_word' id='word_1_61' title='bbox 632 1355 757 1420; x_wconf 88' lang='lat' dir='ltr'>dicendi</span> <span class='ocrx_word' id='word_1_62' title='bbox 782 1360 858 1436; x_wconf 87' lang='lat' dir='ltr'>apta</span> <span class='ocrx_word' id='word_1_63' title='bbox 881 1359 999 1428; x_wconf 86' lang='lat' dir='ltr'>essent,</span> <span class='ocrx_word' id='word_1_64' title='bbox 1023 1359 1133 1435; x_wconf 90' lang='lat' dir='ltr'>postea</span> <span class='ocrx_word' id='word_1_65' title='bbox 1156 1355 1326 1418; x_wconf 83' lang='lat' dir='ltr'>demuma</span> 
     </span>
     <span class='ocr_line' id='line_1_10' title="bbox 173 1461 1014 1547; baseline 0 -21"><span class='ocrx_word' id='word_1_66' title='bbox 173 1463 278 1528; x_wconf 87' lang='lat' dir='ltr'>doctis</span> <span class='ocrx_word' id='word_1_67' title='bbox 302 1461 404 1544; x_wconf 88' lang='lat' dir='ltr'>poetis</span> <span class='ocrx_word' id='word_1_68' title='bbox 427 1461 565 1545; x_wconf 89' lang='lat' dir='ltr'>repetita</span> <span class='ocrx_word' id='word_1_69' title='bbox 587 1461 707 1547; x_wconf 84' lang='lat' dir='ltr'>sunt.¹)</span> <span class='ocrx_word' id='word_1_70' title='bbox 1008 1465 1014 1478; x_wconf 62' lang='lat'>²</span> 
     </span>
    </p>

    <p class='ocr_par' dir='ltr' id='par_1_6' title="bbox 265 1563 1324 1650">
     <span class='ocr_line' id='line_1_11' title="bbox 265 1563 1324 1650; baseline 0 -19"><span class='ocrx_word' id='word_1_71' title='bbox 265 1567 367 1634; x_wconf 90' lang='lat' dir='ltr'>Multa</span> <span class='ocrx_word' id='word_1_72' title='bbox 393 1567 458 1632; x_wconf 88' lang='lat' dir='ltr'>alia</span> <span class='ocrx_word' id='word_1_73' title='bbox 485 1568 629 1650; x_wconf 88' lang='lat' dir='ltr'>exempla</span> <span class='ocrx_word' id='word_1_74' title='bbox 654 1567 763 1632; x_wconf 85' lang='lat' dir='ltr'>afferri</span> <span class='ocrx_word' id='word_1_75' title='bbox 791 1573 936 1649; x_wconf 83' lang='lat' dir='ltr'>possunt,</span> <span class='ocrx_word' id='word_1_76' title='bbox 969 1568 1024 1632; x_wconf 86' lang='lat' dir='ltr'>sed</span> <span class='ocrx_word' id='word_1_77' title='bbox 1051 1566 1130 1632; x_wconf 90' lang='lat' dir='ltr'>haee</span> <span class='ocrx_word' id='word_1_78' title='bbox 1158 1563 1324 1634; x_wconf 84' lang='lat' dir='ltr'>sufficiant.</span> 
     </span>
    </p>

    <p class='ocr_par' dir='ltr' id='par_1_7' title="bbox 172 1673 1326 2507">
     <span class='ocr_line' id='line_1_12' title="bbox 265 1673 1326 1755; baseline 0 -17"><span class='ocrx_word' id='word_1_79' title='bbox 265 1674 291 1738; x_wconf 87' lang='lat' dir='ltr'>E</span> <span class='ocrx_word' id='word_1_80' title='bbox 307 1677 466 1739; x_wconf 88' lang='lat' dir='ltr'>contrario</span> <span class='ocrx_word' id='word_1_81' title='bbox 481 1677 513 1739; x_wconf 92' lang='lat' dir='ltr'>in</span> <span class='ocrx_word' id='word_1_82' title='bbox 528 1674 673 1738; x_wconf 84' lang='lat' dir='ltr'>formulis</span> <span class='ocrx_word' id='word_1_83' title='bbox 687 1695 725 1738; x_wconf 90' lang='lat' dir='ltr'>ex</span> <span class='ocrx_word' id='word_1_84' title='bbox 740 1673 878 1738; x_wconf 83' lang='lat' dir='ltr'>Homero</span> <span class='ocrx_word' id='word_1_85' title='bbox 892 1675 1002 1755; x_wconf 90' lang='lat' dir='ltr'>petitis</span> <span class='ocrx_word' id='word_1_86' title='bbox 1016 1673 1326 1751; x_wconf 83' lang='lat' dir='ltr'>formaeocourrunt,</span> 
     </span>
     <span class='ocr_line' id='line_1_13' title="bbox 173 1778 1324 1864; baseline 0 -20"><span class='ocrx_word' id='word_1_87' title='bbox 173 1781 291 1864; x_wconf 91' lang='lat' dir='ltr'>quibus</span> <span class='ocrx_word' id='word_1_88' title='bbox 314 1781 471 1864; x_wconf 84' lang='lat' dir='ltr'>Theognis</span> <span class='ocrx_word' id='word_1_89' title='bbox 499 1781 579 1846; x_wconf 90' lang='lat' dir='ltr'>alias</span> <span class='ocrx_word' id='word_1_90' title='bbox 606 1802 670 1844; x_wconf 91' lang='lat' dir='ltr'>non</span> <span class='ocrx_word' id='word_1_91' title='bbox 697 1780 808 1844; x_wconf 86' lang='lat' dir='ltr'>utitur.</span> <span class='ocrx_word' id='word_1_92' title='bbox 856 1778 951 1844; x_wconf 89' lang='lat' dir='ltr'>Velut</span> <span class='ocrx_word' id='word_1_93' title='bbox 979 1781 1116 1862; x_wconf 86' lang='lat' dir='ltr'>genetivi</span> <span class='ocrx_word' id='word_1_94' title='bbox 1146 1780 1264 1846; x_wconf 81' lang='lat' dir='ltr'>formae</span> <span class='ocrx_word' id='word_1_95' title='bbox 1293 1783 1324 1846; x_wconf 90' lang='lat' dir='ltr'>in</span> 
     </span>
     <span class='ocr_line' id='line_1_14' title="bbox 172 1874 1325 1970; baseline 0 -18"><span class='ocrx_word' id='word_1_96' title='bbox 172 1874 218 1952; x_wconf 58' lang='grc' dir='ltr'><strong><em>ὦ</em></strong></span> <span class='ocrx_word' id='word_1_97' title='bbox 250 1911 270 1952; x_wconf 89' lang='lat' dir='ltr'>a</span> <span class='ocrx_word' id='word_1_98' title='bbox 302 1887 482 1951; x_wconf 79' lang='lat' dir='ltr'>nominibus</span> <span class='ocrx_word' id='word_1_99' title='bbox 514 1887 547 1950; x_wconf 91' lang='lat' dir='ltr'>in</span> <span class='ocrx_word' id='word_1_100' title='bbox 581 1911 601 1950; x_wconf 91' lang='grc' dir='ltr'><strong><em>α</em></strong></span> <span class='ocrx_word' id='word_1_101' title='bbox 634 1885 810 1951; x_wconf 74' lang='lat' dir='ltr'>declinatae</span> <span class='ocrx_word' id='word_1_102' title='bbox 843 1887 928 1968; x_wconf 89' lang='lat' dir='ltr'>apud</span> <span class='ocrx_word' id='word_1_103' title='bbox 956 1886 1171 1970; x_wconf 85' lang='lat' dir='ltr'>Theognidem</span> <span class='ocrx_word' id='word_1_104' title='bbox 1204 1888 1265 1952; x_wconf 91' lang='lat' dir='ltr'>nisi</span> <span class='ocrx_word' id='word_1_105' title='bbox 1293 1889 1325 1952; x_wconf 91' lang='lat' dir='ltr'>in</span> 
     </span>
     <span class='ocr_line' id='line_1_15' title="bbox 173 1991 1325 2076; baseline -0.001 -17"><span class='ocrx_word' id='word_1_106' title='bbox 173 1994 320 2059; x_wconf 86' lang='lat' dir='ltr'>formulis</span> <span class='ocrx_word' id='word_1_107' title='bbox 357 2016 395 2057; x_wconf 91' lang='lat' dir='ltr'>ex</span> <span class='ocrx_word' id='word_1_108' title='bbox 428 1995 565 2058; x_wconf 87' lang='lat' dir='ltr'>Homero</span> <span class='ocrx_word' id='word_1_109' title='bbox 597 1993 706 2076; x_wconf 90' lang='lat' dir='ltr'>petitis</span> <span class='ocrx_word' id='word_1_110' title='bbox 739 2015 800 2058; x_wconf 88' lang='lat' dir='ltr'>nen</span> <span class='ocrx_word' id='word_1_111' title='bbox 834 1994 995 2074; x_wconf 86' lang='lat' dir='ltr'>leguntur:</span> <span class='ocrx_word' id='word_1_112' title='bbox 1033 1991 1088 2057; x_wconf 67' lang='lat' dir='ltr'>eliz</span> <span class='ocrx_word' id='word_1_113' title='bbox 1122 2013 1148 2058; x_wconf 85' lang='lat' dir='ltr'>v.</span> <span class='ocrx_word' id='word_1_114' title='bbox 1181 1995 1247 2057; x_wconf 83' lang='lat'>244</span> <span class='ocrx_word' id='word_1_115' title='bbox 1279 1993 1325 2072; x_wconf 85' lang='grc' dir='ltr'>εἰς</span> 
     </span>
     <span class='ocr_line' id='line_1_16' title="bbox 172 2091 1326 2184; baseline 0 -19"><span class='ocrx_word' id='word_1_116' title='bbox 172 2093 282 2166; x_wconf 77' lang='grc' dir='ltr'><strong><em>Ἀίδαο</em></strong></span> <span class='ocrx_word' id='word_1_117' title='bbox 317 2095 441 2183; x_wconf 82' lang='grc' dir='ltr'><strong><em>δόμους</em></strong></span> <span class='ocrx_word' id='word_1_118' title='bbox 473 2105 505 2163; x_wconf 91' lang='lat' dir='ltr'>et</span> <span class='ocrx_word' id='word_1_119' title='bbox 537 2121 564 2162; x_wconf 86' lang='lat' dir='ltr'>v.</span> <span class='ocrx_word' id='word_1_120' title='bbox 592 2100 656 2163; x_wconf 80' lang='grc'>427</span> <span class='ocrx_word' id='word_1_121' title='bbox 686 2095 794 2174; x_wconf 81' lang='grc' dir='ltr'><strong><em>πύλας</em></strong></span> <span class='ocrx_word' id='word_1_122' title='bbox 820 2091 928 2163; x_wconf 77' lang='grc' dir='ltr'><strong><em>Ἀίδαο</em></strong></span> <span class='ocrx_word' id='word_1_123' title='bbox 956 2105 1106 2184; x_wconf 78' lang='grc' dir='ltr'><strong><em>περῆσαι.</em></strong></span> <span class='ocrx_word' id='word_1_124' title='bbox 1159 2100 1247 2164; x_wconf 89' lang='lat' dir='ltr'>ldem</span> <span class='ocrx_word' id='word_1_125' title='bbox 1275 2099 1326 2166; x_wconf 81' lang='grc' dir='ltr'>ἐνὶ</span> 
     </span>
     <span class='ocr_line' id='line_1_17' title="bbox 174 2204 1325 2290; baseline 0.001 -19"><span class='ocrx_word' id='word_1_126' title='bbox 174 2209 279 2272; x_wconf 83' lang='lat' dir='ltr'>forma</span> <span class='ocrx_word' id='word_1_127' title='bbox 302 2228 359 2290; x_wconf 91' lang='lat' dir='ltr'>pro</span> <span class='ocrx_word' id='word_1_128' title='bbox 384 2205 420 2270; x_wconf 83' lang='grc' dir='ltr'>ἐν</span> <span class='ocrx_word' id='word_1_129' title='bbox 443 2206 504 2270; x_wconf 91' lang='lat' dir='ltr'>nisi</span> <span class='ocrx_word' id='word_1_130' title='bbox 528 2206 560 2268; x_wconf 94' lang='lat' dir='ltr'>in</span> <span class='ocrx_word' id='word_1_131' title='bbox 580 2206 756 2270; x_wconf 80' lang='lat' dir='ltr'>Homericis</span> <span class='ocrx_word' id='word_1_132' title='bbox 779 2204 924 2269; x_wconf 86' lang='lat' dir='ltr'>formulis</span> <span class='ocrx_word' id='word_1_133' title='bbox 943 2225 1004 2269; x_wconf 88' lang='lat' dir='ltr'>non</span> <span class='ocrx_word' id='word_1_134' title='bbox 1024 2205 1139 2270; x_wconf 84' lang='lat' dir='ltr'>utitur:</span> <span class='ocrx_word' id='word_1_135' title='bbox 1163 2206 1217 2271; x_wconf 87' lang='lat' dir='ltr'>cfr.</span> <span class='ocrx_word' id='word_1_136' title='bbox 1238 2229 1262 2270; x_wconf 88' lang='lat' dir='ltr'>v.</span> <span class='ocrx_word' id='word_1_137' title='bbox 1282 2209 1325 2272; x_wconf 89' lang='grc'>99</span> 
     </span>
     <span class='ocr_line' id='line_1_18' title="bbox 176 2293 1326 2400; baseline -0.001 -22"><span class='ocrx_word' id='word_1_138' title='bbox 176 2314 226 2378; x_wconf 79' lang='grc' dir='ltr'>ἐνὶ</span> <span class='ocrx_word' id='word_1_139' title='bbox 255 2319 367 2397; x_wconf 79' lang='grc' dir='ltr'><strong><em>θυμῷ,</em></strong></span> <span class='ocrx_word' id='word_1_140' title='bbox 395 2335 421 2376; x_wconf 81' lang='lat' dir='ltr'>v,</span> <span class='ocrx_word' id='word_1_141' title='bbox 449 2314 508 2378; x_wconf 96' lang='lat'>121</span> <span class='ocrx_word' id='word_1_142' title='bbox 538 2308 619 2390; x_wconf 87' lang='grc' dir='ltr'><strong><em>νόος</em></strong></span> <span class='ocrx_word' id='word_1_143' title='bbox 643 2364 649 2376; x_wconf 94' lang='grc'><em>.</em></span> <span class='ocrx_word' id='word_1_144' title='bbox 676 2364 682 2376; x_wconf 90' lang='grc'><strong>.</strong></span> <span class='ocrx_word' id='word_1_145' title='bbox 708 2364 714 2376; x_wconf 92' lang='grc'><em>.</em></span> <span class='ocrx_word' id='word_1_146' title='bbox 740 2310 790 2376; x_wconf 83' lang='grc' dir='ltr'>ἐνὶ</span> <span class='ocrx_word' id='word_1_147' title='bbox 815 2305 985 2396; x_wconf 77' lang='grc' dir='ltr'><strong><em>στήθεσσι,</em></strong></span> <span class='ocrx_word' id='word_1_148' title='bbox 1013 2331 1039 2374; x_wconf 80' lang='lat' dir='ltr'>v.</span> <span class='ocrx_word' id='word_1_149' title='bbox 1064 2293 1128 2374; x_wconf 90' lang='grc'>899</span> <span class='ocrx_word' id='word_1_150' title='bbox 1158 2305 1253 2400; x_wconf 84' lang='grc' dir='ltr'><strong><em>ἐντός</em></strong></span> <span class='ocrx_word' id='word_1_151' title='bbox 1277 2311 1326 2377; x_wconf 83' lang='grc' dir='ltr'>ἐνί</span> 
     </span>
     <span class='ocr_line' id='line_1_19' title="bbox 176 2416 805 2507; baseline -0.005 -22"><span class='ocrx_word' id='word_1_152' title='bbox 176 2416 348 2507; x_wconf 74' lang='grc' dir='ltr'><strong><em>στήθεσσι,</em></strong></span> <span class='ocrx_word' id='word_1_153' title='bbox 370 2417 450 2483; x_wconf 88' lang='lat' dir='ltr'>alias</span> <span class='ocrx_word' id='word_1_154' title='bbox 473 2425 655 2484; x_wconf 76' lang='lat' dir='ltr'>constanter</span> <span class='ocrx_word' id='word_1_155' title='bbox 678 2417 723 2483; x_wconf 88' lang='grc' dir='ltr'>ἐν.</span> <span class='ocrx_word' id='word_1_156' title='bbox 749 2425 805 2482; x_wconf 85' lang='grc' dir='ltr'>εί.</span> 
     </span>
    </p>

    <p class='ocr_par' dir='ltr' id='par_1_8' title="bbox 175 2524 1353 3886">
     <span class='ocr_line' id='line_1_20' title="bbox 268 2524 1326 2632; baseline 0 -42"><span class='ocrx_word' id='word_1_157' title='bbox 268 2525 432 2590; x_wconf 85' lang='lat' dir='ltr'>Formulas</span> <span class='ocrx_word' id='word_1_158' title='bbox 455 2526 639 2590; x_wconf 76' lang='lat' dir='ltr'>Homericae</span> <span class='ocrx_word' id='word_1_159' title='bbox 669 2527 700 2590; x_wconf 90' lang='lat' dir='ltr'>in</span> <span class='ocrx_word' id='word_1_160' title='bbox 724 2529 923 2608; x_wconf 79' lang='lat' dir='ltr'>pentametro</span> <span class='ocrx_word' id='word_1_161' title='bbox 947 2524 1050 2590; x_wconf 89' lang='lat' dir='ltr'>rarius</span> <span class='ocrx_word' id='word_1_162' title='bbox 1073 2525 1208 2632; x_wconf 69' lang='lat' dir='ltr'>irpveniri</span> <span class='ocrx_word' id='word_1_163' title='bbox 1232 2546 1326 2607; x_wconf 89' lang='lat' dir='ltr'>quam</span> 
     </span>
     <span class='ocr_line' id='line_1_21' title="bbox 175 2630 1325 2714; baseline -0.003 -15"><span class='ocrx_word' id='word_1_164' title='bbox 175 2636 208 2699; x_wconf 92' lang='lat' dir='ltr'>in</span> <span class='ocrx_word' id='word_1_165' title='bbox 246 2633 429 2696; x_wconf 81' lang='lat' dir='ltr'>hexametro</span> <span class='ocrx_word' id='word_1_166' title='bbox 466 2654 506 2696; x_wconf 89' lang='lat' dir='ltr'>ex</span> <span class='ocrx_word' id='word_1_167' title='bbox 539 2631 690 2714; x_wconf 88' lang='lat' dir='ltr'>exemplis</span> <span class='ocrx_word' id='word_1_168' title='bbox 722 2652 818 2714; x_wconf 87' lang='lat' dir='ltr'>supra</span> <span class='ocrx_word' id='word_1_169' title='bbox 852 2631 1008 2712; x_wconf 79' lang='lat' dir='ltr'>congestis</span> <span class='ocrx_word' id='word_1_170' title='bbox 1040 2630 1180 2713; x_wconf 86' lang='lat' dir='ltr'>intellegi</span> <span class='ocrx_word' id='word_1_171' title='bbox 1212 2637 1325 2714; x_wconf 90' lang='lat' dir='ltr'>potest.</span> 
     </span>
     <span class='ocr_line' id='line_1_22' title="bbox 176 2735 1353 2826; baseline 0 -22"><span class='ocrx_word' id='word_1_172' title='bbox 176 2741 243 2804; x_wconf 86' lang='lat' dir='ltr'>Eae</span> <span class='ocrx_word' id='word_1_173' title='bbox 270 2745 377 2802; x_wconf 88' lang='lat' dir='ltr'>autem</span> <span class='ocrx_word' id='word_1_174' title='bbox 405 2737 571 2813; x_wconf 88' lang='lat' dir='ltr'>formulae,</span> <span class='ocrx_word' id='word_1_175' title='bbox 599 2737 714 2819; x_wconf 91' lang='lat' dir='ltr'>quibus</span> <span class='ocrx_word' id='word_1_176' title='bbox 741 2744 797 2800; x_wconf 90' lang='lat' dir='ltr'>aut</span> <span class='ocrx_word' id='word_1_177' title='bbox 824 2735 912 2819; x_wconf 90' lang='lat' dir='ltr'>prior</span> <span class='ocrx_word' id='word_1_178' title='bbox 940 2744 1058 2800; x_wconf 88' lang='lat' dir='ltr'>aut-</span> <span class='ocrx_word' id='word_1_179' title='bbox 1089 2737 1353 2826; x_wconf 10' lang='lat' dir='ltr'>quodsssaepius·</span> 
     </span>
     <span class='ocr_line' id='line_1_23' title="bbox 177 2841 1327 2934; baseline -0.002 -24"><span class='ocrx_word' id='word_1_180' title='bbox 177 2846 247 2934; x_wconf 87' lang='lat' dir='ltr'>fiori</span> <span class='ocrx_word' id='word_1_181' title='bbox 271 2844 353 2909; x_wconf 89' lang='lat' dir='ltr'>solet</span> <span class='ocrx_word' id='word_1_182' title='bbox 376 2883 417 2892; x_wconf 84' lang='lat'>——</span> <span class='ocrx_word' id='word_1_183' title='bbox 442 2845 545 2909; x_wconf 88' lang='lat' dir='ltr'>altera</span> <span class='ocrx_word' id='word_1_184' title='bbox 563 2845 752 2927; x_wconf 87' lang='lat' dir='ltr'>pentametri</span> <span class='ocrx_word' id='word_1_185' title='bbox 772 2863 846 2926; x_wconf 90' lang='lat' dir='ltr'>pars</span> <span class='ocrx_word' id='word_1_186' title='bbox 866 2841 1019 2924; x_wconf 87' lang='lat' dir='ltr'>expletur,</span> <span class='ocrx_word' id='word_1_187' title='bbox 1042 2844 1223 2927; x_wconf 89' lang='lat' dir='ltr'>saepissime</span> <span class='ocrx_word' id='word_1_188' title='bbox 1241 2844 1327 2927; x_wconf 90' lang='lat' dir='ltr'>apud</span> 
     </span>
     <span class='ocr_line' id='line_1_24' title="bbox 177 2949 1327 3017; baseline -0.003 0"><span class='ocrx_word' id='word_1_189' title='bbox 177 2954 351 3017; x_wconf 84' lang='lat' dir='ltr'>Homerum</span> <span class='ocrx_word' id='word_1_190' title='bbox 385 2952 432 3016; x_wconf 89' lang='lat' dir='ltr'>vel</span> <span class='ocrx_word' id='word_1_191' title='bbox 460 2951 633 3016; x_wconf 84' lang='lat' dir='ltr'>Hesiodum</span> <span class='ocrx_word' id='word_1_192' title='bbox 666 2951 697 3012; x_wconf 92' lang='lat' dir='ltr'>in</span> <span class='ocrx_word' id='word_1_193' title='bbox 730 2951 823 3013; x_wconf 88' lang='lat' dir='ltr'>initio</span> <span class='ocrx_word' id='word_1_194' title='bbox 857 2970 965 3013; x_wconf 84' lang='lat' dir='ltr'>eorum</span> <span class='ocrx_word' id='word_1_195' title='bbox 997 2949 1250 3015; x_wconf 85' lang='lat' dir='ltr'>hexametrorum</span> <span class='ocrx_word' id='word_1_196' title='bbox 1280 2952 1327 3014; x_wconf 93' lang='lat' dir='ltr'>in-</span> 
     </span>
     <span class='ocr_line' id='line_1_25' title="bbox 178 3050 1327 3143; baseline -0.003 -19"><span class='ocrx_word' id='word_1_197' title='bbox 178 3061 360 3134; x_wconf 88' lang='lat' dir='ltr'>veniuntur,</span> <span class='ocrx_word' id='word_1_198' title='bbox 397 3057 452 3142; x_wconf 90' lang='lat' dir='ltr'>qui</span> <span class='ocrx_word' id='word_1_199' title='bbox 489 3050 619 3122; x_wconf 75' lang='lat' dir='ltr'>mesura</span> <span class='ocrx_word' id='word_1_200' title='bbox 655 3061 899 3143; x_wconf 74' lang='grc' dir='ltr'><strong><em>πενθιγμιμερεῖ</em></strong></span> <span class='ocrx_word' id='word_1_201' title='bbox 933 3057 964 3119; x_wconf 93' lang='lat' dir='ltr'>in</span> <span class='ocrx_word' id='word_1_202' title='bbox 998 3057 1077 3121; x_wconf 88' lang='lat' dir='ltr'>duas</span> <span class='ocrx_word' id='word_1_203' title='bbox 1109 3063 1216 3139; x_wconf 89' lang='lat' dir='ltr'>partes</span> <span class='ocrx_word' id='word_1_204' title='bbox 1248 3057 1327 3121; x_wconf 82' lang='lat' dir='ltr'>divi-</span> 
     </span>
     <span class='ocr_line' id='line_1_26' title="bbox 178 3154 1328 3247; baseline -0.004 -17"><span class='ocrx_word' id='word_1_205' title='bbox 178 3169 306 3230; x_wconf 91' lang='lat' dir='ltr'>duntur.</span> <span class='ocrx_word' id='word_1_206' title='bbox 352 3161 449 3228; x_wconf 81' lang='lat' dir='ltr'>Velut</span> <span class='ocrx_word' id='word_1_207' title='bbox 476 3163 567 3228; x_wconf 90' lang='lat' dir='ltr'>Hom.</span> <span class='ocrx_word' id='word_1_208' title='bbox 592 3164 650 3227; x_wconf 94' lang='lat' dir='ltr'>Od.</span> <span class='ocrx_word' id='word_1_209' title='bbox 679 3166 708 3238; x_wconf 90' lang='lat'>2,</span> <span class='ocrx_word' id='word_1_210' title='bbox 736 3164 803 3226; x_wconf 80' lang='lat'>370</span> <span class='ocrx_word' id='word_1_211' title='bbox 834 3157 965 3226; x_wconf 83' lang='grc' dir='ltr'><strong><em>πόντον</em></strong></span> <span class='ocrx_word' id='word_1_212' title='bbox 998 3154 1050 3226; x_wconf 77' lang='grc' dir='ltr'>ἐπ’</span> <span class='ocrx_word' id='word_1_213' title='bbox 1078 3157 1263 3247; x_wconf 74' lang='grc' dir='ltr'><strong><em>ἀτρύγετον</em></strong></span> <span class='ocrx_word' id='word_1_214' title='bbox 1295 3165 1328 3226; x_wconf 92' lang='lat' dir='ltr'>in</span> 
     </span>
     <span class='ocr_line' id='line_1_27' title="bbox 179 3267 1329 3354; baseline -0.002 -18"><span class='ocrx_word' id='word_1_215' title='bbox 179 3273 271 3336; x_wconf 90' lang='lat' dir='ltr'>initio</span> <span class='ocrx_word' id='word_1_216' title='bbox 309 3291 414 3334; x_wconf 89' lang='lat' dir='ltr'>versus</span> <span class='ocrx_word' id='word_1_217' title='bbox 448 3272 598 3354; x_wconf 87' lang='lat' dir='ltr'>positum,</span> <span class='ocrx_word' id='word_1_218' title='bbox 634 3269 720 3353; x_wconf 88' lang='lat' dir='ltr'>apud</span> <span class='ocrx_word' id='word_1_219' title='bbox 753 3267 968 3352; x_wconf 89' lang='lat' dir='ltr'>Theognidem</span> <span class='ocrx_word' id='word_1_220' title='bbox 1001 3289 1026 3332; x_wconf 88' lang='lat' dir='ltr'>v.</span> <span class='ocrx_word' id='word_1_221' title='bbox 1061 3270 1126 3334; x_wconf 88' lang='grc'>248</span> <span class='ocrx_word' id='word_1_222' title='bbox 1159 3271 1195 3334; x_wconf 88' lang='lat' dir='ltr'>in·</span> <span class='ocrx_word' id='word_1_223' title='bbox 1226 3270 1329 3334; x_wconf 88' lang='lat' dir='ltr'>altera</span> 
     </span>
     <span class='ocr_line' id='line_1_28' title="bbox 177 3374 1329 3462; baseline -0.002 -20"><span class='ocrx_word' id='word_1_224' title='bbox 177 3379 369 3462; x_wconf 90' lang='lat' dir='ltr'>pentametri</span> <span class='ocrx_word' id='word_1_225' title='bbox 408 3381 499 3458; x_wconf 91' lang='lat' dir='ltr'>parte</span> <span class='ocrx_word' id='word_1_226' title='bbox 536 3377 681 3460; x_wconf 80' lang='lat' dir='ltr'>legimus3</span> <span class='ocrx_word' id='word_1_227' title='bbox 718 3375 772 3440; x_wconf 86' lang='lat' dir='ltr'>elr.</span> <span class='ocrx_word' id='word_1_228' title='bbox 806 3374 945 3458; x_wconf 86' lang='lat' dir='ltr'>Theogn.</span> <span class='ocrx_word' id='word_1_229' title='bbox 979 3395 1004 3438; x_wconf 82' lang='lat' dir='ltr'>v.</span> <span class='ocrx_word' id='word_1_230' title='bbox 1042 3377 1125 3439; x_wconf 82' lang='grc'>1120</span> <span class='ocrx_word' id='word_1_231' title='bbox 1158 3377 1329 3462; x_wconf 84' lang='grc' dir='ltr'><strong><em>κουριδίης</em></strong></span> 
     </span>
     <span class='ocr_line' id='line_1_29' title="bbox 179 3476 1329 3566; baseline -0.003 -18"><span class='ocrx_word' id='word_1_232' title='bbox 179 3476 306 3566; x_wconf 77' lang='grc' dir='ltr'><strong><em>ἀλόχου</em></strong></span> <span class='ocrx_word' id='word_1_233' title='bbox 334 3504 403 3546; x_wconf 88' lang='lat' dir='ltr'>eum</span> <span class='ocrx_word' id='word_1_234' title='bbox 432 3482 467 3545; x_wconf 94' lang='lat' dir='ltr'>Il.</span> <span class='ocrx_word' id='word_1_235' title='bbox 495 3485 522 3560; x_wconf 92' lang='lat'>1,</span> <span class='ocrx_word' id='word_1_236' title='bbox 548 3483 624 3560; x_wconf 89' lang='grc'>114,</span> <span class='ocrx_word' id='word_1_237' title='bbox 658 3481 710 3547; x_wconf 90' lang='lat' dir='ltr'>ubi</span> <span class='ocrx_word' id='word_1_238' title='bbox 740 3483 850 3546; x_wconf 90' lang='lat' dir='ltr'>eadem</span> <span class='ocrx_word' id='word_1_239' title='bbox 878 3482 1014 3545; x_wconf 81' lang='lat' dir='ltr'>formula</span> <span class='ocrx_word' id='word_1_240' title='bbox 1042 3483 1074 3544; x_wconf 92' lang='lat' dir='ltr'>in</span> <span class='ocrx_word' id='word_1_241' title='bbox 1103 3483 1194 3547; x_wconf 92' lang='lat' dir='ltr'>initio</span> <span class='ocrx_word' id='word_1_242' title='bbox 1223 3503 1329 3547; x_wconf 85' lang='lat' dir='ltr'>versus</span> 
     </span>
     <span class='ocr_line' id='line_1_30' title="bbox 178 3586 1329 3673; baseline -0.002 -19"><span class='ocrx_word' id='word_1_243' title='bbox 178 3589 331 3664; x_wconf 85' lang='lat' dir='ltr'>occurrit3</span> <span class='ocrx_word' id='word_1_244' title='bbox 355 3594 412 3652; x_wconf 89' lang='lat' dir='ltr'>ete.</span> <span class='ocrx_word' id='word_1_245' title='bbox 450 3587 581 3653; x_wconf 87' lang='lat' dir='ltr'>Duobus</span> <span class='ocrx_word' id='word_1_246' title='bbox 604 3588 681 3653; x_wconf 89' lang='lat' dir='ltr'>locis</span> <span class='ocrx_word' id='word_1_247' title='bbox 705 3589 746 3673; x_wconf 84' lang='lat' dir='ltr'>(v.</span> <span class='ocrx_word' id='word_1_248' title='bbox 767 3589 831 3652; x_wconf 88' lang='grc'>814</span> <span class='ocrx_word' id='word_1_249' title='bbox 850 3593 883 3652; x_wconf 93' lang='lat' dir='ltr'>et</span> <span class='ocrx_word' id='word_1_250' title='bbox 905 3588 1004 3672; x_wconf 85' lang='grc'>1010)</span> <span class='ocrx_word' id='word_1_251' title='bbox 1028 3609 1045 3650; x_wconf 91' lang='lat' dir='ltr'>e</span> <span class='ocrx_word' id='word_1_252' title='bbox 1068 3586 1130 3652; x_wconf 90' lang='lat' dir='ltr'>fine</span> <span class='ocrx_word' id='word_1_253' title='bbox 1154 3589 1329 3654; x_wconf 88' lang='lat' dir='ltr'>hexametri</span> 
     </span>
     <span class='ocr_line' id='line_1_31' title="bbox 178 3685 1330 3780; baseline -0.002 -19"><span class='ocrx_word' id='word_1_254' title='bbox 178 3691 265 3762; x_wconf 88' lang='grc' dir='ltr'><strong><em>νόον</em></strong></span> <span class='ocrx_word' id='word_1_255' title='bbox 289 3685 395 3759; x_wconf 81' lang='grc' dir='ltr'><strong><em>ὅντιν’</em></strong></span> <span class='ocrx_word' id='word_1_256' title='bbox 411 3689 523 3777; x_wconf 84' lang='grc' dir='ltr'><strong><em>ἐχουσι</em></strong></span> <span class='ocrx_word' id='word_1_257' title='bbox 542 3695 592 3780; x_wconf 80' lang='lat' dir='ltr'>(ll.</span> <span class='ocrx_word' id='word_1_258' title='bbox 612 3695 665 3771; x_wconf 90' lang='grc'>22,</span> <span class='ocrx_word' id='word_1_259' title='bbox 684 3693 774 3779; x_wconf 85' lang='grc'>382),</span> <span class='ocrx_word' id='word_1_260' title='bbox 796 3700 922 3760; x_wconf 90' lang='lat' dir='ltr'>mutata</span> <span class='ocrx_word' id='word_1_261' title='bbox 940 3693 1106 3758; x_wconf 81' lang='lat' dir='ltr'>verborum</span> <span class='ocrx_word' id='word_1_262' title='bbox 1125 3695 1330 3760; x_wconf 86' lang='lat' dir='ltr'>collocatione</span> 
     </span>
     <span class='ocr_line' id='line_1_32' title="bbox 177 3791 953 3886; baseline -0.003 -21"><span class='ocrx_word' id='word_1_263' title='bbox 177 3801 372 3886; x_wconf 90' lang='lat' dir='ltr'>pentametri</span> <span class='ocrx_word' id='word_1_264' title='bbox 396 3801 499 3865; x_wconf 88' lang='lat' dir='ltr'>exitus</span> <span class='ocrx_word' id='word_1_265' title='bbox 522 3800 572 3866; x_wconf 82' lang='lat' dir='ltr'>fit:</span> <span class='ocrx_word' id='word_1_266' title='bbox 596 3791 702 3866; x_wconf 77' lang='grc' dir='ltr'><strong><em>ὅντιν’</em></strong></span> <span class='ocrx_word' id='word_1_267' title='bbox 726 3795 837 3883; x_wconf 81' lang='grc' dir='ltr'><strong><em>ἔχουσι</em></strong></span> <span class='ocrx_word' id='word_1_268' title='bbox 860 3796 953 3866; x_wconf 91' lang='grc' dir='ltr'><strong><em>νόον.</em></strong></span> 
     </span>
    </p>

    <p class='ocr_par' dir='ltr' id='par_1_9' title="bbox 270 3899 1330 3990">
     <span class='ocr_line' id='line_1_33' title="bbox 270 3899 1330 3990; baseline -0.001 -18"><span class='ocrx_word' id='word_1_269' title='bbox 270 3899 584 3990; x_wconf 79' lang='lat' dir='ltr'>saepins&#39;Theegnis</span> <span class='ocrx_word' id='word_1_270' title='bbox 607 3906 768 3984; x_wconf 68' lang='lat' dir='ltr'>formulis,</span> <span class='ocrx_word' id='word_1_271' title='bbox 796 3929 876 3990; x_wconf 88' lang='lat' dir='ltr'>qnae</span> <span class='ocrx_word' id='word_1_272' title='bbox 904 3907 988 3990; x_wconf 90' lang='lat' dir='ltr'>apud</span> <span class='ocrx_word' id='word_1_273' title='bbox 1012 3906 1185 3973; x_wconf 88' lang='lat' dir='ltr'>Homerum</span> <span class='ocrx_word' id='word_1_274' title='bbox 1212 3908 1244 3972; x_wconf 92' lang='lat' dir='ltr'>in</span> <span class='ocrx_word' id='word_1_275' title='bbox 1268 3906 1330 3972; x_wconf 87' lang='lat' dir='ltr'>fine</span> 
     </span>
    </p>
   </div>
   <div class='ocr_carea' id='block_1_6' title="bbox 90 4100 1332 4600">
    <p class='ocr_par' dir='ltr' id='par_1_10' title="bbox 90 4100 1332 4533">
     <span class='ocr_line' id='line_1_34' title="bbox 215 4100 1330 4170; baseline -0.001 -14"><span class='ocrx_word' id='word_1_276' title='bbox 215 4101 220 4107; x_wconf 86' lang='lat'>&#39;</span> <span class='ocrx_word' id='word_1_277' title='bbox 274 4103 292 4166; x_wconf 71' lang='grc' dir='ltr'>ι1</span> <span class='ocrx_word' id='word_1_278' title='bbox 320 4102 390 4156; x_wconf 85' lang='lat' dir='ltr'>Nam</span> <span class='ocrx_word' id='word_1_279' title='bbox 420 4105 496 4156; x_wconf 90' lang='lat' dir='ltr'>certe</span> <span class='ocrx_word' id='word_1_280' title='bbox 520 4100 658 4170; x_wconf 83' lang='lat' dir='ltr'>Theognis</span> <span class='ocrx_word' id='word_1_281' title='bbox 682 4101 711 4155; x_wconf 93' lang='lat' dir='ltr'>in</span> <span class='ocrx_word' id='word_1_282' title='bbox 734 4117 787 4155; x_wconf 78' lang='lat' dir='ltr'>uss.</span> <span class='ocrx_word' id='word_1_283' title='bbox 813 4102 881 4156; x_wconf 83' lang='lat'>1033</span> <span class='ocrx_word' id='word_1_284' title='bbox 896 4117 936 4169; x_wconf 85' lang='lat' dir='ltr'>sq.</span> <span class='ocrx_word' id='word_1_285' title='bbox 961 4101 1157 4170; x_wconf 87' lang='lat' dir='ltr'>componendis</span> <span class='ocrx_word' id='word_1_286' title='bbox 1182 4101 1330 4156; x_wconf 89' lang='lat' dir='ltr'>Homerum</span> 
     </span>
     <span class='ocr_line' id='line_1_35' title="bbox 179 4183 1332 4260; baseline -0.002 -14"><span class='ocrx_word' id='word_1_287' title='bbox 179 4190 307 4246; x_wconf 84' lang='lat' dir='ltr'>imitatus</span> <span class='ocrx_word' id='word_1_288' title='bbox 327 4197 381 4244; x_wconf 86' lang='lat' dir='ltr'>est:</span> <span class='ocrx_word' id='word_1_289' title='bbox 411 4188 460 4244; x_wconf 84' lang='lat' dir='ltr'>cfr.</span> <span class='ocrx_word' id='word_1_290' title='bbox 481 4187 602 4260; x_wconf 84' lang='lat' dir='ltr'>Theogn.</span> <span class='ocrx_word' id='word_1_291' title='bbox 623 4191 692 4246; x_wconf 86' lang='lat'>1033</span> <span class='ocrx_word' id='word_1_292' title='bbox 707 4206 747 4259; x_wconf 86' lang='lat' dir='ltr'>sq.</span> <span class='ocrx_word' id='word_1_293' title='bbox 767 4193 859 4245; x_wconf 72' lang='grc' dir='ltr'><strong><em>θεῶν</em></strong></span> <span class='ocrx_word' id='word_1_294' title='bbox 878 4185 905 4243; x_wconf 79' lang='grc' dir='ltr'><strong><em>δ’</em></strong></span> <span class='ocrx_word' id='word_1_295' title='bbox 925 4185 1083 4260; x_wconf 76' lang='grc' dir='ltr'><strong><em>είμαρμὲνα</em></strong></span> <span class='ocrx_word' id='word_1_296' title='bbox 1102 4193 1193 4260; x_wconf 82' lang='grc' dir='ltr'><strong><em>δῶρα</em></strong></span> <span class='ocrx_word' id='word_1_297' title='bbox 1212 4185 1273 4246; x_wconf 87' lang='grc' dir='ltr'>ούκ</span> <span class='ocrx_word' id='word_1_298' title='bbox 1292 4183 1332 4244; x_wconf 77' lang='grc' dir='ltr'>όν</span> 
     </span>
     <span class='ocr_line' id='line_1_36' title="bbox 180 4273 1329 4352; baseline 0.001 -21"><span class='ocrx_word' id='word_1_299' title='bbox 180 4279 322 4352; x_wconf 83' lang='grc' dir='ltr'><strong><em>ῥηϊδίως</em></strong></span> <span class='ocrx_word' id='word_1_300' title='bbox 346 4273 475 4346; x_wconf 76' lang='grc' dir='ltr'><strong><em>θνητός</em></strong></span> <span class='ocrx_word' id='word_1_301' title='bbox 497 4273 582 4349; x_wconf 80' lang='grc' dir='ltr'><strong><em>ἀνὴρ</em></strong></span> <span class='ocrx_word' id='word_1_302' title='bbox 605 4274 749 4349; x_wconf 81' lang='grc' dir='ltr'><strong><em>προφύγοι</em></strong></span> <span class='ocrx_word' id='word_1_303' title='bbox 773 4285 802 4334; x_wconf 81' lang='lat' dir='ltr'>et</span> <span class='ocrx_word' id='word_1_304' title='bbox 820 4279 898 4334; x_wconf 88' lang='lat' dir='ltr'>Hom.</span> <span class='ocrx_word' id='word_1_305' title='bbox 920 4273 1087 4344; x_wconf 68' lang='grc'>11111165</span> <span class='ocrx_word' id='word_1_306' title='bbox 1109 4273 1147 4343; x_wconf 80' lang='grc' dir='ltr'>ὡς</span> <span class='ocrx_word' id='word_1_307' title='bbox 1171 4275 1208 4333; x_wconf 86' lang='grc' dir='ltr'>ού</span> <span class='ocrx_word' id='word_1_308' title='bbox 1227 4274 1329 4350; x_wconf 72' lang='grc' dir='ltr'><strong><em>ῥηΐδι’</em></strong></span> 
     </span>
     <span class='ocr_line' id='line_1_37' title="bbox 183 4362 1329 4439; baseline -0.003 -16"><span class='ocrx_word' id='word_1_309' title='bbox 183 4367 245 4424; x_wconf 84' lang='grc' dir='ltr'><strong><em>ἐστί</em></strong></span> <span class='ocrx_word' id='word_1_310' title='bbox 274 4371 365 4420; x_wconf 70' lang='grc' dir='ltr'><strong><em>θεῶν</em></strong></span> <span class='ocrx_word' id='word_1_311' title='bbox 393 4362 526 4434; x_wconf 73' lang='grc' dir='ltr'><strong><em>ἐρικυδέα</em></strong></span> <span class='ocrx_word' id='word_1_312' title='bbox 554 4370 645 4436; x_wconf 81' lang='grc' dir='ltr'><strong><em>δῶρα</em></strong></span> <span class='ocrx_word' id='word_1_313' title='bbox 673 4363 818 4437; x_wconf 74' lang='grc' dir='ltr'><strong><em>ἀνδράσι</em></strong></span> <span class='ocrx_word' id='word_1_314' title='bbox 842 4386 874 4439; x_wconf 85' lang='grc' dir='ltr'>γε</span> <span class='ocrx_word' id='word_1_315' title='bbox 899 4371 1061 4435; x_wconf 78' lang='grc' dir='ltr'><strong><em>θνητοῖσι</em></strong></span> <span class='ocrx_word' id='word_1_316' title='bbox 1086 4363 1243 4437; x_wconf 74' lang='grc' dir='ltr'><strong><em>δαμήμεναι</em></strong></span> <span class='ocrx_word' id='word_1_317' title='bbox 1268 4362 1329 4422; x_wconf 76' lang='grc' dir='ltr'><strong><em>οὐδ’</em></strong></span> 
     </span>
     <span class='ocr_line' id='line_1_38' title="bbox 90 4452 1276 4533; baseline -0.002 -21"><span class='ocrx_word' id='word_1_318' title='bbox 90 4525 93 4533; x_wconf 32' lang='grc'>1</span> <span class='ocrx_word' id='word_1_319' title='bbox 182 4452 336 4512; x_wconf 61' lang='lat' dir='ltr'>enecans.</span> <span class='ocrx_word' id='word_1_320' title='bbox 451 4455 472 4520; x_wconf 75' lang='lat'>⁹)</span> <span class='ocrx_word' id='word_1_321' title='bbox 491 4455 539 4510; x_wconf 79' lang='lat' dir='ltr'>cir.</span> <span class='ocrx_word' id='word_1_322' title='bbox 559 4457 674 4512; x_wconf 82' lang='lat' dir='ltr'>Theocr.</span> <span class='ocrx_word' id='word_1_323' title='bbox 695 4458 737 4522; x_wconf 75' lang='lat'>17,</span> <span class='ocrx_word' id='word_1_324' title='bbox 758 4458 816 4512; x_wconf 89' lang='grc'>108.</span> <span class='ocrx_word' id='word_1_325' title='bbox 847 4457 938 4526; x_wconf 85' lang='lat' dir='ltr'>Apoll.</span> <span class='ocrx_word' id='word_1_326' title='bbox 958 4457 1010 4511; x_wconf 84' lang='lat' dir='ltr'>ah.</span> <span class='ocrx_word' id='word_1_327' title='bbox 1031 4459 1055 4522; x_wconf 88' lang='lat'>1,</span> <span class='ocrx_word' id='word_1_328' title='bbox 1076 4458 1153 4512; x_wconf 82' lang='grc'>1326.</span> <span class='ocrx_word' id='word_1_329' title='bbox 1172 4458 1197 4521; x_wconf 86' lang='grc'>2,</span> <span class='ocrx_word' id='word_1_330' title='bbox 1217 4457 1276 4510; x_wconf 90' lang='grc'>649.</span> 
     </span>
    </p>

    <p class='ocr_par' dir='ltr' id='par_1_11' title="bbox 1083 4546 1118 4600">
     <span class='ocr_line' id='line_1_39' title="bbox 1083 4546 1118 4600; baseline 0 -28"><span class='ocrx_word' id='word_1_331' title='bbox 1083 4546 1118 4600; x_wconf 61' lang='lat'>2*</span> 
     </span>
    </p>
   </div>
   <div class='ocr_carea' id='block_1_7' title="bbox 0 0 1653 4938">
    <p class='ocr_par' dir='ltr' id='par_1_12' title="bbox 0 0 1653 4938">
     <span class='ocr_line' id='line_1_40' title="bbox 0 0 1653 4938; baseline 0 0"><span class='ocrx_word' id='word_1_332' title='bbox 0 0 1653 4938; x_wconf 95' lang='lat' dir='ltr'> </span> 
     </span>
    </p>
   </div>
  </div>
 </body>
</html>
