3262 4926
797 362 1008 423 ..42-

423 553 484 615 650
508 550 613 614 aors'or
634 549 733 613 ardor
755 547 836 613 enim
858 549 1018 612 conductis
1035 549 1183 633 partebus
1206 555 1296 624 esset,

504 651 684 737 tanffatdtor
699 673 800 735 porro
823 651 961 715 disiectis
983 651 1092 736 abque
1113 650 1253 734 sapato:

504 755 640 839 amplias
662 754 719 818 too
727 755 812 839 flori
832 754 880 818 nit
900 762 956 834 ast,
983 755 1069 840 qaod
1082 776 1178 837 possa
1199 753 1301 818 rearis

507 859 622 923 talibas
643 857 677 922 ia
699 857 812 940 caass‘s,
838 879 877 922 rte
899 859 973 921 dum
996 857 1155 922 variantia
1176 877 1282 921 rarum

421 965 483 1026 654
508 970 596 1026 taam
618 969 711 1046 queat
732 959 837 1024 ansb
858 960 1003 1047 rarisque
1025 981 1064 1025 aa·
1085 960 1209 1045 tonitru
1231 962 1345 1042 euseb.

422 1067 484 1129 675
507 1065 610 1128 ao'rso
631 1063 766 1148 initur
788 1063 935 1149 qaom'am
957 1063 1130 1129 certissima
1150 1082 1281 1148 corpora
1296 1061 1459 1146 quaedam

435 1183 441 1192 ·
504 1176 587 1249 suat,
614 1189 693 1251 qaae
714 1175 901 1232 comeroant
922 1175 1071 1232 naturam
1092 1189 1214 1251 seraper
1235 1167 1376 1242 eordan,

505 1291 635 1354 qaorrtm
657 1269 744 1334 abita
765 1277 822 1334 aut
843 1269 933 1333 adita
953 1277 1134 1355 mutatoque
1157 1268 1265 1333 ordine
1286 1276 1412 1332 mutant

505 1380 654 1437 naturam
676 1391 726 1436 reo
749 1379 780 1436 at
801 1380 987 1436 conuertunt
1008 1394 1142 1455 corpora
1162 1393 1239 1453 oasa,

506 1474 586 1540 sor‘ra
609 1475 682 1540 licat
703 1496 765 1538 aon
787 1496 851 1539 asse
872 1473 949 1540 bauo
970 1474 1063 1560 ἕρκεα
1083 1497 1217 1560 corpora
1238 1495 1354 1540 reram.

421 1578 513 1644 Alias
534 1600 616 1642 nano
638 1577 736 1662 ἐρίων
756 1577 790 1642 in
805 1577 1007 1645 Lucretianis
1029 1579 1225 1644 carminibus
1247 1598 1312 1645 non
1333 1577 1474 1661 legitur:

336 1681 401 1746 illis
424 1680 505 1746 loeis
527 1686 594 1747 tem
616 1686 817 1746 constantem
840 1679 1106 1764 significationem
1124 1679 1232 1764 habet,
1258 1686 1294 1745 ut
1308 1679 1385 1744 mihi
1409 1700 1480 1746 non

337 1783 468 1849 dubium
490 1783 533 1850 sit
555 1783 632 1866 quin
654 1782 715 1849 boo
736 1783 805 1850 loeo
826 1783 872 1864 (V,
894 1786 965 1867 273)
993 1805 1015 1849 a
1036 1790 1133 1868 poeta
1154 1803 1217 1850 non
1240 1783 1283 1849 sit
1304 1784 1475 1868 seriptum.

421 1885 546 1954 Deinde
577 1886 674 1952 miror
700 1886 862 1953 neminem
885 1885 992 1952 adhue
1018 1893 1241 1970 argumentum
1272 1885 1368 1952 buius
1389 1887 1479 1953 olte-

337 1989 404 2056 rius
426 1989 559 2056 membri
581 1990 615 2054 in
630 1989 849 2074 suspicionem
863 2009 1008 2056 vocasse.
1049 1990 1088 2070 V,
1109 1991 1250 2056 rto-8
1266 1989 1391 2071 dieitur,
1410 1990 1480 2056 nisi

337 2112 460 2159 serres
478 2091 614 2160 fluentes
636 2099 797 2159 recrearet
818 2099 850 2158 et
871 2093 993 2159 amisso
1008 2093 1067 2158 illo
1081 2093 1257 2178 primordia
1270 2093 1474 2175 retribueret,

337 2196 427 2262 brevi
457 2202 600 2281 tempore
630 2195 697 2262 fore
725 2202 761 2261 nt
783 2196 890 2262 omnia
912 2195 1165 2263 dissolverentur
1190 2197 1279 2262 etin
1301 2215 1378 2262 nern
1399 2216 1480 2262 ver-

337 2306 490 2366 terentur.
538 2298 707 2366 Lueretius
740 2317 818 2364 vero
852 2317 957 2364 rerum
990 2297 1218 2365 recreationem
1249 2317 1379 2383 prorsus
1410 2299 1480 2363 alio

336 2402 432 2469 modo
454 2401 522 2470 fieri
544 2409 670 2468 narrat:

381 2506 423 2582 11,
453 2511 534 2570 1105
557 2506 717 2590 multaque
735 2512 812 2590 post
832 2504 943 2569 mandi
965 2513 1085 2588 tempas
1105 2504 1241 2590 qaas'tale
1263 2504 1405 2589 cliensque

554 2609 767 2693 primiqarsam
789 2607 887 2674 martir
909 2617 942 2672 at
964 2616 1067 2672 torrae
1089 2607 1223 2694 solrbqao
1245 2616 1385 2671 coortam

559 2711 670 2775 addita
691 2732 825 2795 corpora
846 2717 920 2774 sant
941 2711 1144 2788 atrimae,
1169 2709 1281 2774 addita
1302 2709 1422 2772 circam

560 2813 690 2892 emina,
715 2835 794 2897 qaae
814 2835 964 2897 moytiam
985 2813 1153 2877 iaculando
1176 2813 1308 2878 ooatab‘t
1330 2834 1443 2888 omne;

561 2918 643 2981 ande
664 2939 751 2982 mara
773 2923 804 2980 ot
827 2925 930 2980 tarrae
946 2925 1078 2999 possent
1099 2937 1275 3001 woesoero,
1300 2924 1332 2979 at
1351 2917 1438 2980 ande

560 3029 728 3104 appararet
749 3019 886 3102 spatium
908 3019 989 3083 caeli
1008 3020 1117 3082 damas
1139 3019 1267 3104 altaque
1289 3026 1371 3083 tecta

563 3123 686 3187 tolleret
707 3146 727 3187 a
751 3122 843 3186 terrio
859 3123 987 3205 procul,
1012 3131 1044 3186 at
1065 3130 1350 3206 commorarer.

559 3247 633 3290 nom
654 3247 713 3290 stra
734 3225 855 3308 eatque,
880 3223 956 3288 loeis
978 3247 1016 3288 ea
1038 3225 1187 3307 omnibus,
1215 3224 1319 3289 omnia
1334 3225 1453 3308 playr's

560 3349 693 3412 corpora
714 3327 945 3392 distribuantur
965 3335 997 3391 et
1018 3329 1063 3392 ad
1082 3349 1140 3392 saa
1161 3328 1266 3392 eaoola
1288 3329 1452 3405 recedant,

559 3453 649 3495 amor
670 3431 715 3494 ad
734 3451 884 3507 amarem,
910 3437 1031 3504 terreno
1054 3452 1184 3514 corpore
1208 3440 1294 3495 tarra

561 3535 681 3618 oresait,
707 3544 739 3600 et
760 3535 862 3620 r'qnem
884 3535 970 3619 iones
986 3536 1168 3618 proarcdaat
1190 3557 1324 3618 aeraque
1346 3557 1414 3599 aer.

340 3659 411 3706 oum
433 3638 549 3722 quibus
572 3637 718 3706 oouseras
740 3639 767 3720 1,
797 3642 954 3704 1031-7.

425 3742 511 3826 Ergo
533 3761 646 3808 sersus
669 3741 707 3823 V,
734 3743 884 3806 273-80
907 3741 1048 3808 Lucretii
1072 3759 1231 3807 essenon
1254 3747 1404 3825 possunt.

426 3847 495 3911 ism
528 3865 606 3911 sero
642 3851 678 3910 ut
710 3864 792 3927 quse
825 3845 965 3911 eruimus
999 3843 1324 3928 comprehendamus,
1362 3863 1485 3913 versus

341 3949 489 4013 273-80
512 3969 533 4014 a
556 3955 653 4033 poete
674 3967 737 4013 non
760 3954 835 4013 sunt
857 3947 985 4032 seripti;
1018 3949 1166 4012 tor—72
1190 3947 1290 4013 ieiuni
1313 3953 1406 4028 sunt,
1435 3957 1483 4032 et,

339 4105 546 4116 ——n-—--

412 4191 429 4253 ι)
457 4191 588 4242 bot-os
611 4189 707 4254 omisi,
739 4190 814 4259 quod
838 4188 1014 4260 parenthesis
1038 4189 1100 4244 iooo
1125 4189 1222 4243 inserti
1250 4194 1324 4242 sunt.
1363 4189 1488 4244 bib—4

341 4275 429 4345 spurii
448 4279 522 4330 sunt.
543 4271 593 4330 oir.
614 4289 661 4345 pg.
682 4277 774 4343 eosq.
