3304 4928
619 413 662 423 -
709 373 804 456 [rar]
852 413 892 422 -
1285 379 1328 444 aa

184 591 294 639 ueram
312 570 501 652 scripturam
518 570 686 634 retinuisse
706 571 891 647 monuimus,
913 569 1027 636 851355
1050 593 1121 636 eum
1143 574 1202 638 hoc
1220 575 1327 640 codice

185 678 274 744 iacit:
297 676 330 739 in
353 697 398 740 vr.
423 675 488 740 492
511 676 576 740 535
599 677 666 740 542
689 677 762 743 782.

274 783 372 848 Porro
395 783 428 848 15
451 783 607 867 eormptis
631 805 754 868 quoque
778 784 855 849 loeis
878 785 1003 870 saepius
1026 785 1140 852 Suidas
1162 809 1232 850 555
1255 788 1329 852 Am-

186 891 333 957 55051550
360 890 531 956 consentit:
559 891 658 955 ueluti
685 891 719 956 in
746 913 772 957 v.
796 891 860 956 359
888 891 996 976 λέγων
1023 913 1094 958 555
1121 893 1329 959 Ambrosiano

186 998 300 1076 omisit,
322 999 356 1064 in
375 1020 420 1064 vv.
440 998 504 1063 673
525 995 660 1083 ἐρρέτω,
686 999 770 1064 1138
789 993 894 1082 τύχοι,
917 999 981 1064 299
1007 1001 1136 1083 σοφίζῃ,
1160 1000 1224 1065 606
1243 995 1330 1078 πόας

185 1106 265 1172 falso
283 1127 353 1170 cum
372 1106 482 1170 eodem
503 1103 638 1170 exhibet.
677 1105 768 1170 Adde
787 1107 872 1188 quod
890 1106 976 1172 haud
994 1128 1095 1190 parua
1112 1109 1204 1190 eopia
1221 1128 1328 1172 aarum

185 1213 363 1290 lectionum,
386 1234 468 1296 quae
490 1211 700 1277 Ambrosiano
723 1218 780 1278 aut
802 1235 873 1278 555
896 1213 1079 1278 Rauennate
1101 1219 1157 1278 551
1185 1234 1254 1278 555
1278 1236 1328 1278 50-

183 1319 306 1386 dioibus
330 1320 536 1385 V-P-APOA
553 1321 735 1384 'communes
753 1326 836 1397 sunt,
859 1321 992 1385 etiams
1011 1319 1109 1386 85135
1127 1327 1255 1385 seruata
1273 1327 1329 1397 est,

182 1428 270 1494 uelut
292 1427 326 1493 iu
348 1449 394 1491 vv.
418 1427 458 1492 61
480 1418 499 1492 ὃ
519 1425 555 1491 δὲ
573 1425 682 1512 γέρων
693 1425 719 1512 ¹)
735 1425 749 1514 11
770 1428 831 1492 182
850 1422 975 1511 ἰσχύειν
985 1430 1011 1514 ¹)
1027 1425 1041 1516 11
1061 1428 1122 1492 196
1148 1434 1261 1509 σοφῶς
1271 1429 1297 1511 ¹)
1313 1427 1326 1514 11

183 1536 245 1601 211
272 1530 421 1600 αἰκάλλει
440 1532 455 1622 11
475 1533 540 1600 378
568 1537 723 1617 γλῶσσαν
743 1532 757 1622 11
778 1535 842 1599 849
872 1527 1002 1599 αὐτοῖσι
1029 1547 1100 1612 τοῖς
1122 1528 1292 1619 πόρπαξιν
1314 1533 1325 1621 11

90 1659 92 1662 ’
183 1641 247 1708 856
262 1635 537 1718 κατασπάσαντες
546 1644 572 1726 ¹)
589 1639 601 1728 11
618 1641 683 1706 928
698 1637 777 1706 τάδε
794 1640 808 1729 11
827 1641 910 1706 1256
926 1635 1042 1726 ἔσομαί
1052 1643 1078 1728 ¹)
1095 1640 1108 1730 11
1128 1641 1210 1705 1277
1228 1632 1329 1719 αὐτὸς

183 1771 274 1814 ueras
306 1748 549 1832 probabilesque
581 1747 754 1831 scripturas
781 1747 895 1813 851355
927 1770 991 1813 555
1018 1771 1089 1814 eum
1119 1747 1327 1812 Ambrosiano

182 1855 430 1922 115515555515
457 1861 578 1931 155155
615 1862 648 1920 51
679 1856 712 1918 15
745 1877 791 1920 vv.
824 1855 843 1919 8
878 1855 976 1940 δεῦρο
1009 1863 1072 1920 νῦν
1101 1853 1115 1943 11
1144 1855 1184 1920 31
1223 1876 1282 1920 ποι
1313 1853 1325 1940 11

185 1962 248 2027 143
272 1961 398 2044 ἐξολῶν
419 1961 432 2048 11
454 1962 515 2028 147
543 1953 628 2026 κατὰ
652 1967 751 2027 951ον
759 1962 787 2046 ²)
807 1961 822 2049 11
842 1962 906 2026 365
935 1961 1037 2044 ἐξελῶ
1064 1967 1150 2028 reate
1179 1960 1329 2027 exhibent

189 2069 404 2150 ῨἫΡΑΓΘΔ
426 2068 662 2147 Ambrosianus,
685 2067 806 2136 851355.

271 2177 339 2255 Quo
362 2176 475 2254 111151
496 2181 622 2261 praeter
644 2183 765 2242 eeteros
787 2177 911 2242 5031555
936 2177 1080 2260 plurimis
1103 2177 1230 2262 loais³)‚
1258 2177 1327 2258 qui-

181 2284 240 2349 bus
261 2284 387 2369 quidem
406 2284 528 2349 codices
547 2284 631 2348 inter
649 2306 683 2349 55
701 2283 892 2366 discrepant,
915 2282 1116 2348 Ambrosiani
1139 2283 1327 2367 scripturam

183 2389 297 2457 Suidas
320 2396 455 2456 tueatur.
479 2430 523 2440 —

271 2622 315 2686 At
338 2643 413 2694 saue
432 2621 524 2686 multi
547 2623 753 2688 inueniuntur
775 2621 846 2700 1051,
869 2619 983 2704 quibus
1002 2620 1116 2686 Suidas
1134 2620 1176 2686 ab
1193 2621 1327 2688 Ambro-

182 2732 271 2797 siano
304 2730 476 2814 discrepat:
508 2751 581 2794 nam
608 2736 665 2795 551
696 2752 717 2794 5
743 2728 859 2795 85135
888 2731 922 2793 15
950 2728 1155 2794 describendo
1184 2750 1234 2804 50,
1265 2752 1327 2812 quo

182 2837 342 2915 utebatur,
364 2836 447 2902 libro
466 2837 679 2921 manuscripto
701 2842 866 2920 peecatum
886 2841 942 2914 est
964 2838 1075 2912 antis,
1098 2835 1153 2919 qui
1171 2835 1327 2901 Ambro-

181 2947 325 3012 sianum
354 2946 512 3022 exarans,
542 2943 748 3029 archetypum
776 2965 867 3009 suum
893 2943 992 3009 nimia
1019 2943 1141 3009 incuria
1167 2943 1327 3020 tractauit,

181 3058 237 3118 551
259 3058 394 3136 uterque
417 3053 507 3118 uario
530 3052 623 3117 modo
641 3074 662 3116 5
684 3051 821 3136 genuina
838 3053 996 3135 scripture
1013 3050 1184 3116 aberrauit.
1222 3049 1327 3134 Atque

181 3161 222 3225 35
243 3160 382 3244 propriis
401 3158 519 3225 851355
542 3160 707 3243 scripturis
730 3163 763 3224 et
786 3158 943 3242 quomodo
966 3180 1022 3223 555
1046 3164 1134 3223 ortae
1157 3157 1221 3221 5151
1244 3156 1328 3221 iufra

181 3267 277 3351 paulo
304 3266 406 3332 155155
430 3267 596 3332 dicendum
619 3267 687 3332 orit.
734 3265 946 3350 Reperiuntur
972 3272 1079 3332 tamen
1102 3284 1220 3348 peuces
1243 3265 1327 3347 apud

256 3553 274 3618 ¹)
298 3551 395 3620 Neque
419 3549 492 3605 anim
516 3554 592 3604 recte
616 3549 766 3606 Schneeius
794 3551 896 3621 15541
924 3567 966 3604 vv.
986 3553 1015 3605 61
1044 3543 1109 3604 aa
1134 3546 1255 3619 γέρωνΙΙ
1277 3551 1328 3604 189

182 3634 289 3710 ἰσχύειν
306 3641 316 3708 1
335 3641 387 3696 196
411 3643 509 3709 σοφῶς
526 3641 602 3707 11388
625 3633 744 3694 ἔλαττον
757 3640 767 3708 11
781 3641 833 3696 858
857 3634 1094 3703 κατασπάσαντες
1108 3641 1117 3709 ΙΙ
1133 3640 1202 3694 1256
1226 3635 1329 3706 ἔσομαί

183 3728 334 3798 scripturas
358 3728 438 3783 unius
460 3728 632 3784 Rauennatis
653 3745 715 3783 esse
735 3729 875 3798 opinatum
898 3729 980 3784 1550
999 3730 1109 3783 easdem
1129 3727 1327 3783 Ambrosianus

184 3835 291 3888 quoque
319 3823 425 3886 tuetur;
454 3833 544 3886 neque
567 3817 649 3872 aliter
673 3835 697 3872 v.
723 3819 790 3873 1277
814 3813 900 3882 αὐτὸς
923 3835 983 3872 cum
1008 3819 1170 3873 Rauennate
1194 3817 1230 3870 M
1251 3824 1279 3870 51
1302 3819 1327 3878 A

184 3913 309 3972 tuantur,
337 3905 384 3960 ubi
411 3905 511 3961 851355
538 3905 732 3962 auctoritatem
761 3905 809 3962 uni
832 3906 988 3963 Rauennati
1016 3905 1152 3972 uindicat;
1181 3913 1327 3975 praeterea

183 3994 254 4050 15150
272 4012 290 4050 5
307 3995 442 4051 80155510
461 4013 485 4048 r.
502 3997 571 4052 1278
589 3995 700 4062 citatur,
719 3995 766 4050 ubi
786 3988 827 4050 ὢν
841 4011 890 4066 pro
909 3985 944 4064 ἦν
956 3996 1068 4053 851355
1088 4013 1150 4050 555
1165 3996 1327 4052 1155555515

184 4085 289 4140 habere
307 4101 369 4139 eum
388 4083 493 4139 iudicet
511 4083 630 4152 fellitum
650 4085 751 4140 etenim
771 4085 799 4139 in
819 4086 928 4140 51276
947 4076 988 4138 ὢν
1005 4102 1056 4155 pro
1074 4075 1147 4140 tva
1165 4084 1280 4140 exhibet
1300 4094 1328 4140 51

185 4191 210 4228 v.
230 4174 299 4228 1277
324 4173 389 4229 5311.
408 4172 520 4229 1353101.
545 4173 646 4228 8515155
671 4165 712 4228 ὢν
731 4190 781 4244 pro
799 4164 833 4242 ἦν
852 4174 1015 4244 impressum
1035 4175 1132 4243 habet;
1158 4190 1327 4244 quaereas

186 4261 245 4317 uiro
264 4262 344 4317 docto
363 4262 437 4317 inter
454 4279 484 4318 aa
503 4262 632 4318 50515555
652 4263 787 4318 uidentur.

257 4351 278 4414 ¹)
297 4347 369 4407 θεὸν
387 4352 507 4408 correxit
526 4352 661 4416 00100155,
681 4354 896 4408 5559515511.

259 4440 280 4514 ³)
298 4441 424 4498 ducentis
442 4441 592 4516 nonaginta
610 4441 706 4508 tribus,
726 4441 750 4496 si
768 4449 844 4498 reete
864 4443 1029 4515 computaui.
