3258 4928
577 449 620 459 -
667 415 749 496 [aaa]
798 450 843 461 -
1238 413 1278 475 aa

224 601 266 664 At
289 618 351 666 non
374 599 501 666 uidetur
523 601 729 685 pleonasmus
759 606 865 667 inesse
893 601 927 666 in
957 601 1065 668 verbis
1096 599 1162 665 luis:
1204 601 1273 667 Cic.

144 703 234 768 Rosa.
251 703 324 767 Am.
346 705 395 782 18,
416 706 453 767 51
481 705 644 768 enarrari
664 705 856 770 assiduus
878 725 1033 788 semper·
1056 702 1181 780 ananim
1207 702 1273 768 rid.

142 803 298 870 Halmium
321 805 363 871 ad
385 804 459 871 h.1.
486 812 518 873 et
541 807 582 872 cf.
602 806 668 874 Cic.
694 807 735 874 dc
750 827 796 874 or.
815 811 846 890 2,
866 810 918 884 39,
940 810 1000 872 162
1025 808 1147 871 tradam
1170 807 1276 870 asei-

142 908 238 972 dnna
260 929 321 972 ano
345 929 437 992 opere
452 911 582 974 eandem
597 910 739 976 incerdens
762 910 863 976 diem
886 918 1119 994 noctemque
1143 909 1274 972 taradas-

143 1009 234 1088 tidaa;
261 1011 331 1076 Liv.
358 1013 409 1094 34,
430 1015 460 1094 9,
481 1019 499 1076 5
523 1013 611 1077 enine
634 1013 826 1078 aetianae
848 1021 951 1078 anetae
972 1034 1129 1096 semper
1159 1010 1274 1096 aliquae

141 1136 176 1176 er
204 1113 441 1200 mapt‘stratibna
469 1125 540 1180 erat
568 1121 600 1182 et
629 1116 858 1183 Weissenborn
888 1115 931 1182 ad
962 1115 995 1181 h.
1028 1116 1050 1179 1.
1089 1113 1275 1199 (comparari

140 1223 242 1300 potest
263 1216 467 1284 Homericum
489 1219 568 1285 illud
592 1219 732 1302 ἐμμενὲς
755 1219 847 1304 alell.

221 1319 318 1405 Apud
339 1321 462 1405 priscos
484 1321 657 1407 scriptores
679 1323 814 1406 latinos,
847 1321 993 1407 inprimis
1015 1319 1102 1406 apud
1124 1319 1273 1386 Plautum

138 1429 168 1488 ct
183 1423 378 1507 Terentium,
405 1425 447 1491 ad
469 1426 569 1492 verba
590 1445 642 1503 aa,
667 1446 749 1511 quae
772 1427 928 1492 actionem
951 1424 1093 1509 aliquam
1116 1423 1216 1490 animi
1238 1429 1273 1489 ut

137 1525 294 1610 copitande'
313 1527 526 1613 invectipandi
545 1529 737 1614 exprimunt,
763 1529 955 1612 aliquotiens
978 1526 1106 1593 additur
1123 1525 1197 1611 ipsa
1209 1545 1273 1590 vox

137 1629 257 1694 animas
279 1649 317 1696 eo
340 1651 402 1715 quo
425 1651 505 1716 opus
528 1639 577 1698 est
600 1652 678 1699 casu
700 1633 843 1718 prolata,
877 1651 939 1717 quo
968 1629 1140 1697 dilucidius
1170 1648 1272 1713 appa·

137 1739 203 1798 reat
230 1735 398 1800 verborum
426 1734 693 1818 significationem
723 1737 765 1803 ad
794 1736 937 1803 animum
966 1735 1157 1801 translatam
1187 1751 1269 1800 esse.

136 1837 239 1920 Atque
261 1856 301 1902 ex
324 1837 438 1904 Plauto
461 1844 494 1904 et
514 1839 666 1906 Terentio
689 1841 818 1907 enotavi
842 1839 991 1924 exempla
1012 1837 1108 1906 haee:
1135 1835 1273 1922 copitare

134 1963 203 2004 arm
231 1940 335 2005 animo
364 1963 419 2004 eno
449 1941 496 2007 Pl.
530 1941 623 2008 Most.
649 1944 807 2023 3,·2,13;
841 1943 915 2008 Ter.
940 1940 1079 2025 Adelph.
1111 1943 1140 2018 3,
1159 1944 1190 2020 4,
1210 1944 1268 2009 55;

134 2042 271 2127 copitare
293 2043 326 2108 in
348 2043 452 2106 animo
474 2044 550 2109 Ter.
575 2042 715 2128 Adelph.
744 2048 773 2126 1,
795 2050 823 2120 1,
844 2048 874 2108 5.
902 2050 932 2123 5,
952 2046 981 2121 3,
1002 2046 1058 2120 32;
1085 2041 1273 2125 inoestiparn

133 2167 202 2210 anem
224 2146 328 2210 animo
344 2146 392 2211 Pl.
410 2146 486 2211 Aul.
504 2150 535 2227 4,
555 2149 587 2223 9,
607 2147 643 2212 3;
670 2147 868 2211 considerare
889 2167 992 2210 aecum
1014 2144 1048 2207 in
1069 2143 1173 2208 animo
1193 2145 1268 2208 Ter.

133 2248 248 2315 Heaut.
275 2253 304 2329 2,
325 2254 355 2330 4,
376 2255 406 2312 5.
454 2247 519 2315 Sed
541 2247 630 2333 apud
650 2248 836 2315 Ciceronem
860 2266 986 2330 quoquc
1008 2246 1186 2313 locutiones
1208 2244 1270 2312 hae

132 2359 164 2416 et
193 2351 244 2418 his
274 2351 395 2418 similes
425 2352 589 2436 leguntur:
627 2352 779 2436 exempla
807 2370 890 2434 quae
918 2349 1057 2415 maxime
1086 2347 1271 2414 viderentur

131 2453 351 2520 memorabilia
374 2454 519 2538 excerpsi
542 2453 642 2520 haec:
683 2455 774 2520 Verr.
799 2454 848 2534 ΙΙ,
876 2457 907 2532 3,
935 2455 991 2532 12,
1012 2453 1052 2514 29
1076 2451 1269 2516 comederam

130 2579 200 2620 eam
223 2557 335 2621 castita
357 2557 471 2621 animia
494 2565 612 2622 uosmet
625 2557 699 2640 apat,
724 2578 848 2641 ecquem
867 2555 987 2640 patetis
1009 2562 1086 2619 eta:
1112 2554 1203 2619 Verr.
1222 2554 1265 2634 ΙΙ,

130 2663 161 2740 3,
181 2665 233 2741 41,
254 2663 294 2724 95
324 2659 369 2724 eie
399 2659 540 2724 launna·
566 2669 718 2726 statutam
748 2681 818 2723 enm
846 2659 950 2724 anama
979 2680 1017 2722 ac
1045 2655 1264 2724 deliberatam:

129 2761 257 2829 Cluent.
278 2764 330 2844 25,
351 2767 391 2826 711
413 2763 491 2826 leaeo
506 2763 694 2848 -sacitiaa
716 2761 859 2840 credetne,
886 2760 916 2824 ai
936 2781 1004 2824 cnm
1027 2759 1267 2825 animisnostris

127 2865 220 2949 lonqo
243 2865 410 2929 intervallo
433 2865 597 2929 recordari
620 2868 656 2930 0.
675 2862 800 2930 Staieni
821 2864 917 2928 citam
940 2871 970 2927 et
991 2870 1139 2926 naturam
1162 2863 1268 2927 volne-

127 2966 220 3046 ra'tis3
253 2968 318 3051 leg.
344 2987 412 3050 agr.
439 2975 469 3046 2,
489 2971 540 3049 24,
561 2971 601 3033 64
625 2990 679 3032 aaa
702 2977 805 3031 tamen
834 2966 871 3030 td
892 2965 1026 3050 potera
1054 2987 1125 3029 cam
1154 2965 1267 3028 animis

128 3069 242 3134 reatris
264 3070 403 3154 capitata
431 3069 482 3154 (of.
502 3071 597 3137 Rosa.
623 3072 696 3135 Am.
716 3074 766 3150 24,
787 3072 828 3133 67
851 3091 926 3134 auae
947 3067 1050 3132 malae
1064 3067 1267 3152 capitationea

126 3172 393 3257 commentitiaque
422 3171 522 3237 animi
552 3175 695 3256 terrent).
743 3171 813 3237 Huc
841 3169 922 3236 illud
951 3189 1076 3253 quoque
1105 3170 1265 3255 pertinere

124 3275 271 3358 arbitror,
298 3274 385 3357 quod
408 3275 457 3340 bis
481 3275 598 3358 legitur
619 3276 653 3341 iu
676 3274 782 3361 priore
802 3273 842 3340 de
858 3273 1043 3340 inventione
1059 3272 1140 3338 libro
1162 3273 1265 3338 acinco

123 3377 301 3460 conliperc:
327 3378 355 3455 I,
376 3382 404 3458 1,
427 3382 439 3440 1
467 3400 536 3441 enm
559 3388 589 3442 et
611 3385 736 3442 nostrae
758 3376 807 3440 rei
824 3375 971 3460 publicae
991 3374 1178 3438 detrimenta
1192 3398 1266 3440 con-

122 3479 229 3543 aidero
252 3487 283 3542 et
304 3479 515 3544 neaeman-um
537 3481 698 3545 civitatum
723 3488 839 3545 ueteres
861 3479 965 3543 animo
981 3477 1175 3542 calamitates
1191 3501 1266 3542 aon-

122 3581 206 3665 Ir'po:
239 3582 270 3662 Ι,
296 3585 410 3662 28,42
433 3585 646 3648 adcommoda
674 3583 752 3668 qaid
781 3591 961 3647 eventuram
990 3580 1032 3644 ait
1054 3588 1129 3646 ante
1157 3581 1260 3646 animo

121 3683 246 3766 corrttpt
262 3683 376 3767 possit.
424 3685 526 3750 Simili
550 3685 645 3751 modo
668 3685 779 3752 Cicero
807 3685 857 3750 bis
880 3683 961 3749 dixit
982 3683 1082 3748 animi
1101 3682 1184 3748 ratio
1208 3704 1265 3767 pro

121 3785 264 3871 simplici
292 3786 393 3850 ratio:
431 3787 496 3852 inv.
522 3789 555 3869 I,
587 3793 655 3869 l,l
690 3787 903 3852 sanctissimae
933 3785 1089 3850 amicitaaa
1117 3785 1264 3871 intellepo

118 3911 195 3952 enm
218 3888 459 3954 assimilatione
484 3899 548 3954 tam
562 3890 701 3976 facilins
723 3888 900 3974 eloquentia
922 3897 1138 3971 comparatam
1171 3886 1215 3953 ib.
1235 3889 1261 3964 1,

120 3996 152 4072 2,
175 3996 195 4055 2
218 4013 274 4055 nec
295 3991 418 4055 ratione
444 3993 551 4056 animi
571 3993 754 4078 quicquam,
787 3993 843 4056 sed
867 3993 1020 4076 pleraque
1048 3991 1165 4056 ciritae
1194 4013 1264 4054 car-

114 4095 210 4180 paris
232 4094 507 4160 administrabant.

210 4199 315 4281 Saepe
339 4197 381 4262 ad
405 4219 579 4282 pronomen
602 4198 786 4276 relativum,
821 4204 855 4264 ut
886 4198 1011 4283 plenior
1039 4204 1072 4263 et
1093 4196 1264 4264 dilucidior

115 4300 177 4367 fiat
200 4301 311 4367 oratio.
339 4300 450 4366 iterum
475 4299 603 4366 additur
622 4321 737 4367 nomen
751 4300 833 4366 illud
848 4299 1095 4384 substantivum,
1122 4300 1163 4366 ad
1179 4299 1263 4385 quod
