3304 4928
331 419 373 484 τε
703 517 705 524 ,
766 457 807 466 --
856 419 952 502 [222]
999 458 1039 466 -

329 607 420 698 παρὰ
449 605 677 698 Ἀριστοφάνει
701 611 737 678 ἐν
757 605 937 680 Ἱππεῦσιν.
985 606 1122 701 haqes]
1151 613 1186 680 δε
1214 613 1269 680 ε’πὶ
1292 621 1363 680 τῶν
1386 615 1479 699 με’χρι

329 723 459 786 πολλοῦ
484 718 731 802 διεσκυλμὲνων
762 719 1025 805 (διελκυσμένων
1048 721 1153 798 Phot,
1180 720 1441 812 δρειλκυσμένων
1453 723 1479 808 ¹)

330 825 479 894 Prouerb.
508 827 650 909 Append.
681 826 751 892 Vat.
779 833 860 894 cent.
888 827 933 894 IV
961 827 1019 914 49)
1055 834 1087 893 et
1117 849 1200 911 quae
1234 836 1409 912 sequuntur
1441 851 1480 894 ex

329 933 612 1017 paroemiographo
635 935 772 1017 quodam
794 932 921 1000 fluxisse
944 933 1118 1000 uerisimile
1140 941 1196 1000 est.

419 1039 500 1106 Item
520 1061 543 1106 a.
562 1041 603 1123 gl.
622 1036 796 1126 Κύτταρος
816 1041 871 1126 (ad
891 1041 1078 1125 Thesmoph.
1093 1041 1174 1124 516)
1194 1041 1349 1125 copiosior
1367 1040 1479 1108 scholii

330 1145 445 1223 forma,
481 1169 576 1230 quam
608 1149 750 1214 senuerit
778 1147 893 1214 Suidas
926 1169 995 1214 cum
1028 1148 1158 1214 Photio:
1191 1140 1212 1234 ἡ
1244 1155 1302 1235 τῆς
1328 1142 1479 1228 βαλάνου

329 1253 457 1330 serra·
486 1246 506 1339 ἢ
534 1245 573 1318 τὸ
602 1250 876 1341 προεξάνθηματ
893 1263 932 1342 ῆς
960 1251 1065 1340 ῥοιᾶς·
1094 1245 1114 1339 ἢ
1142 1245 1162 1340 ἡ
1192 1252 1228 1318 ἰν
1256 1265 1328 1330 τοὶς
1351 1253 1480 1339 κηρίοις

329 1367 400 1424 τῶν
427 1363 593 1443 μελιττῶν
619 1362 735 1437 nuella
766 1362 823 1426 καὶ
846 1357 1059 1448 κοτάτρησις,
1087 1359 1180 1424 facile
1204 1383 1242 1425 ex
1265 1359 1479 1442 descriptione

330 1467 467 1549 quadam
495 1486 600 1532 rorum
623 1467 815 1534 naturalium
834 1489 918 1532 nnnc
935 1468 1103 1552 deperdita
1120 1467 1153 1532 in
1172 1467 1337 1552 utriusque
1355 1465 1478 1532 lexicon

329 1573 462 1638 introire
486 1573 635 1657 potuit¹).
757 1633 760 1640 .

419 1679 520 1744 Simili
544 1680 638 1745 modo
662 1701 742 1764 quae
765 1703 787 1744 s.
811 1681 852 1762 gl.
875 1677 1013 1768 Καρύκη
1036 1683 1122 1765 apud
1145 1687 1314 1766 utrumque
1339 1684 1371 1743 et
1392 1675 1476 1760 apud

329 1785 521 1870 Hesychium
543 1785 704 1870 leguntur:

472 1891 558 1960 Suid.
710 1895 713 2014 Ι
859 1895 950 1960 Phot
1225 1892 1357 1976 Heeyoh.

376 1993 496 2083 ἐ’δεσμα
529 1999 566 2064 ἐκ
598 2004 680 2066 πολ·
785 1993 905 2085 ἔδεσμα
928 1999 965 2066 ἐκ
984 2006 1068 2068 πσλ-

307 2111 400 2170 ‚rav
454 2109 681 2191 συγκείμενον,
740 2112 811 2174 λῶν
840 2109 1067 2192 συγκείμενον.
1100 2136 1103 2210 η

329 2218 446 2298 βρῶμα
483 2210 610 2278 Λύδιον
647 2213 683 2294 ἐξ
741 2217 1068 2301 (necquicquamam
1098 2213 1101 2304 l
1126 2219 1242 2300 βρῶμα
1279 2208 1405 2280 Λύδιον
1444 2209 1480 2290 ἐξ

331 2317 467 2404 αἳματος
490 2321 546 2384 καὶ
568 2314 681 2385 ἄλλων
740 2321 838 2406 plius)
1128 2320 1266 2406 αἵματος
1289 2321 1345 2384 καὶ
1364 2313 1478 2382 ἄλλων

330 2421 532 2510 ἐδεσμάτων,
556 2419 616 2508 ἀφ’
640 2414 681 2492 ού
1127 2422 1338 2516 ἡδυσμάτων,
1357 2416 1417 2506 ἀφ’
1438 2412 1480 2487 οὗ

330 2533 386 2596 καὶ
422 2523 464 2596 τά
497 2529 682 2618 συνταράτ-
1127 2537 1183 2600 καὶ
1207 2539 1276 2600 κτλ.

329 2661 401 2704 τειν
438 2662 469 2704 τι
507 2641 563 2704 καὶ
600 2633 681 2704 riua-

331 2742 440 2810 δεύειν
483 2741 682 2831 καρυκεύειν

330 2853 420 2932 φασί.

330 2981 369 3023 ex
392 2960 548 3024 communi
572 2958 659 3023 fonte
682 2960 729 3024 ita
751 2957 922 3036 fluxerunt,
950 2967 985 3024 ut
1009 2959 1122 3025 Suidas
1149 2956 1321 3044 pleniorem
1351 2963 1385 3023 et
1410 2977 1478 3022 reo-

329 3066 443 3132 tiorem
465 3103 502 3114 —
526 3065 667 3149 ineptum
686 3065 770 3130 enim
788 3072 837 3130 est
854 3058 1056 3152 ἡδυσμάτων
1074 3067 1223 3150 Hesychii
1245 3105 1284 3114 -
1302 3063 1477 3130 retinuerit

419 3173 489 3250 Qua
516 3171 549 3236 in
576 3172 798 3254 disquisitione
825 3193 920 3256 saepe
947 3193 1009 3238 non
1033 3178 1179 3238 accurate
1202 3179 1308 3255 potest
1331 3171 1479 3248 discerni,

329 3282 436 3342 utrum
465 3277 578 3343 Suidas
602 3299 641 3342 ex
663 3278 770 3343 codiee
793 3299 850 3343 sno
879 3277 1111 3361 Aristophaneo
1138 3277 1291 3344 scholium
1319 3278 1476 3361 quoddam

329 3384 546 3466 descripserit,
573 3404 614 3448 an
638 3403 676 3448 ex
699 3385 762 3448 alio
786 3384 873 3449 fonte
896 3385 1133 3450 adnotationem
1156 3385 1309 3468 aliquam,
1332 3405 1413 3466 quae
1435 3383 1478 3448 ad

329 3489 552 3572 Aristophanis
580 3490 680 3556 uerba
712 3491 897 3572 quadraret,
931 3492 1201 3572 transsumpserit3
1233 3511 1271 3554 sn
1297 3512 1337 3556 ne
1369 3491 1477 3554 uariae

330 3597 457 3679 quidem
494 3597 613 3662 citandi
650 3595 771 3661 formae
807 3618 827 3660 a
859 3595 956 3662 Suida
992 3598 1024 3661 in
1056 3596 1157 3660 lexico
1194 3596 1357 3662 adhibitae
1394 3597 1477 3678 (sins
1503 3631 1507 3640 ·

330 3709 443 3788 poetae
472 3701 659 3786 fabulaeque
689 3702 828 3779 nomine,
864 3695 1116 3790 Ἀριστοφάνης,
1149 3695 1195 3780 ὡς
1231 3695 1477 3788 Ἀριστοφάνης,

330 3799 439 3885 οὕτως
492 3803 742 3895 Ἀριστοφάνης,
804 3802 1039 3894 Ἀριστοφάνης
1085 3811 1180 3896 φησί,
1240 3801 1477 3896 Ἀριστοφάνης

329 3916 453 3980 adiecta
476 3915 527 3979 nel
551 3917 665 3980 omissa
688 3917 922 3998 praepositione
946 3915 982 3980 ἐν
1002 3937 1072 3980 curn
1091 3916 1186 3980 titulo
1205 3915 1345 4001 fabulae)
1369 3937 1476 3996 ansam

328 4042 519 4088 carronemue
560 4021 712 4104 praebere
753 4028 885 4103 quennt;
926 4043 1114 4104 quamquam
1156 4023 1217 4088 hoo
1257 4028 1377 4086 eertum
1415 4027 1476 4085 est:

404 4201 421 4262 ¹)
445 4197 578 4250 Kusterus
603 4195 855 4264 διεσκολλιμὲνων,
881 4197 1002 4266 Toupius
1027 4195 1109 4268 μέχρι
1134 4201 1217 4254 natos
1240 4195 1475 4264 διεσκολιμείων.

311 4285 314 4294 ’
401 4285 421 4352 ⁹)
445 4285 478 4339 cl.
507 4286 543 4353 gl.
571 4281 642 4340 Πύα.
677 4281 799 4355 Ἕκάστη
827 4280 933 4357 βοτάνη
958 4287 1032 4346 κτλ,
1063 4303 1133 4356 quae
1162 4287 1254 4356 glossa
1277 4303 1311 4341 ex
1334 4287 1419 4342 Snlda
1449 4288 1476 4340 in

328 4375 458 4432 Aldioam
484 4374 677 4443 Aristophanis
705 4375 854 4430 editionem
882 4373 1098 4441 transmigrauit.
1128 4375 1161 4430 cl.
1192 4375 1316 4430 Diodori.
1346 4383 1411 4430 tom.
1438 4375 1475 4430 lv

328 4483 372 4535 pg.
393 4467 459 4522 Vlll
478 4465 569 4520 adnot.
591 4480 615 4516 a.
