3280 4934
767 385 1015 468 ,[84]-

319 581 352 644 ιιι
375 579 611 646 collectionibus
634 581 791 646 exstantia
814 581 853 657 ei,
875 579 930 664 qui
953 579 1002 644 his
1020 577 1162 662 legendis
1180 579 1280 644 otium
1298 594 1459 644 consume-

319 685 384 763 bat,
407 685 486 752 edeo
509 686 642 753 molesta
664 687 862 765 videbantur,
883 693 921 751 ut
943 707 1056 752 novam
1075 693 1170 771 atque
1188 707 1244 750 suo
1263 686 1390 770 quidem
1412 683 1460 746 iu-

319 793 402 859 dicio
421 794 618 860 emendatam
636 794 788 879 syllogam
806 791 980 860 conficeret.
1018 793 1151 860 Videtur
1167 793 1267 878 igitur
1279 789 1460 858 Nietzschio

319 900 516 966 adversarius
548 900 779 984 quodammodo
810 902 837 966 is
864 900 920 985 qni
947 900 1051 967 denuo
1078 901 1205 985 collegit
1232 898 1328 966 fuisse
1355 897 1459 964 Theo-

318 1007 416 1091 gnidi,
438 1008 472 1072 in
494 1027 556 1092 quo
579 1009 703 1092 saapius
726 1009 866 1092 parodiis
885 1009 1026 1074 cavillari
1049 1008 1215 1074 studuerit.
1253 1007 1358 1090 Atque
1380 1005 1460 1070 adeo

319 1135 390 1180 curn
421 1115 564 1181 studeret
596 1114 692 1203 (teste
727 1115 921 1204 Nietzschio)
952 1115 1165 1199 Theognidem
1202 1116 1250 1180 ita
1281 1114 1460 1197 depingere,

319 1221 408 1304 quasi
425 1220 536 1288 fuisset
554 1221 648 1288 homo
670 1223 825 1308 voluptati
848 1223 1031 1308 obsequere,
1054 1223 1174 1288 seilicet
1191 1225 1319 1306 potator
1337 1225 1460 1284 amator

319 1329 476 1406 cinaedus,
498 1329 638 1394 moribus
661 1329 830 1395 laxissimis
853 1330 1029 1415 indulgens,
1052 1330 1138 1394 vitiis
1161 1328 1296 1413 deniqne
1315 1325 1459 1392 omnibus

319 1435 364 1501 eis
387 1436 572 1514 instructus,
594 1457 675 1520 quae
697 1437 850 1503 dedecent
872 1437 1106 1504 adulescentiae
1128 1442 1377 1520 praeceptorem,
1400 1453 1458 1516 pa-

318 1542 424 1608 rodias
447 1542 623 1609 collectioni
650 1543 784 1610 inseruit
806 1544 913 1628 eisque
936 1547 969 1610 in
991 1566 1087 1608 unum
1111 1549 1311 1627 conspectum
1334 1540 1458 1608 collatis

203 1739 205 1744 ,
318 1648 350 1712 id
374 1651 451 1733 egit,
477 1655 515 1714 ιιι
541 1652 769 1716 sententiarum
795 1657 964 1736 praecepta
991 1651 1053 1716 iam
1081 1651 1271 1717 auctoritate
1298 1648 1382 1715 omni
1406 1667 1458 1712 ca·

318 1762 425 1821 rorent
459 1762 554 1840 atque
591 1757 624 1822 in
654 1758 826 1824 iocularem
858 1779 982 1825 sensum
1014 1760 1285 1843 detorquerentur.
1318 1793 1359 1804 -—
1392 1752 1458 1818 Neo

318 1861 462 1946 equidem
497 1861 619 1930 infitior»
650 1864 843 1949 Theognidis
878 1866 1018 1933 carmina
1054 1848 1192 1949 saepius
1214 1863 1353 1948 parodiis
1389 1881 1457 1926 csse

318 1969 559 2053 circumscripta.
605 1971 757 2038 Parodias
784 1974 868 2038 enim
895 1974 942 2039 ite
964 1979 1086 2038 tantum
1109 1974 1172 2048 vim
1194 1977 1289 2056 atque
1312 1968 1456 2035 effectum

317 2075 435 2142 habere
453 2083 585 2155 constat,
603 2079 630 2143 si
648 2081 732 2146 notis
751 2080 892 2146 versibus
911 2079 1071 2164 fingantur
1084 2079 1209 2145 similes.
1247 2079 1351 2160 Atpue
1364 2096 1456 2160 paro-

318 2184 477 2270 diarum1)
501 2185 588 2250 lusus
610 2187 695 2270 apud
719 2187 856 2253 Graecos
878 2188 1013 2252 maxime
1031 2185 1173 2252 floruisse
1196 2185 1284 2251 etin
1308 2182 1457 2250 conviviis

317 2291 514 2373 potissimum
540 2292 704 2357 materiam
722 2295 905 2379 copiamque
923 2293 1141 2359 oblectationis
1158 2291 1341 2376 praebuisse
1359 2295 1456 2374 patet.

317 2397 376 2462 Est
402 2403 509 2462 autem
536 2399 648 2464 horum
676 2401 814 2466 iocorum
840 2400 1015 2484 proprium,
1042 2409 1078 2464 ut
1105 2421 1143 2466 ea
1169 2397 1364 2483 potissimum
1387 2416 1456 2462 car-

318 2506 404 2570 mina
430 2515 672 2588 persequantur,
703 2528 784 2591 quae
811 2513 1049 2591 praeceptorum
1076 2507 1168 2572 modo
1196 2525 1358 2590 expressas
1385 2525 1456 2570 sen·

318 2611 434 2676 tentiae
453 2613 642 2678 contineant.
680 2613 793 2698 ltaque
811 2614 959 2698 parodias
977 2615 1009 2679 in
1028 2614 1220 2697 Theognido,
1238 2613 1326 2678 cuius
1344 2614 1457 2696 potitae

317 2718 442 2784 laudem
460 2719 546 2803 apud
564 2739 680 2798 omnes,
702 2722 757 2805 qui
775 2720 928 2787 bonarum
946 2722 1064 2786 artium
1083 2720 1195 2786 studiis
1214 2718 1456 2793 oblectarentur,

317 2827 485 2892 maximam
508 2825 604 2893 fuisse
626 2833 759 2906 constat,
781 2828 814 2892 in
836 2829 957 2913 primis,
979 2836 1016 2894 ut
1038 2829 1084 2893 ita
1102 2828 1213 2904 dicam,
1236 2827 1343 2893 sedem
1361 2825 1456 2891 eollo·

317 2954 403 3000 essse
425 2955 487 3000 non
510 2934 688 3000 mirandum
712 2941 767 3001 est.

405 3039 472 3106 lam
503 3046 540 3105 ut
571 3042 736 3107 redeamus
768 3043 809 3107 ad
841 3042 1055 3109 adversarium
1086 3041 1189 3116 illum,
1220 3062 1312 3125 quem
1340 3007 1455 3107 infestd

317 3147 446 3220 ductum
465 3147 603 3226 oonsilio,
621 3153 657 3213 ut
674 3148 867 3234 Theognidis
884 3148 1007 3216 Musam
1025 3148 1226 3226 deformaret,
1243 3149 1325 3214 veris
1343 3152 1455 3232 podtea

317 3255 457 3320 versibus
485 3254 689 3320 immiscuisse
715 3256 862 3341 parodias
890 3256 1022 3322 coniecit
1045 3255 1254 3330 Nietzschius‚
1281 3255 1360 3321 haec
1381 3275 1455 3320 con·

317 3361 437 3426 iectura
463 3383 575 3446 parum
597 3362 675 3428 mihi
698 3363 823 3428 videtur
845 3384 914 3430 osse
935 3361 1099 3446 probanda
1121 3363 1170 3428 vel
1193 3363 1304 3428 saltem
1326 3363 1455 3428 artiori-

317 3467 375 3533 bus
403 3468 687 3536 oircumscribenda
713 3467 837 3534 finibus.
883 3469 1035 3535 Parodias
1057 3469 1140 3534 enim
1163 3469 1234 3534 illas
1256 3469 1365 3534 eedem
1388 3489 1456 3534 esse

316 3581 421 3642 :isan
448 3581 546 3654 ortas,
573 3597 636 3659 qua
662 3578 756 3658 potita
782 3575 921 3642 ommino
948 3576 1125 3642 condiderit
1151 3575 1348 3658 conditisque
1370 3575 1455 3659 apud

317 3702 423 3747 omnes
447 3682 550 3748 clarus
572 3680 678 3760 firerit,
702 3703 740 3747 ox
763 3703 809 3760 eo,
831 3683 914 3768 quod
938 3685 1096 3767 saprade
1119 3683 1258 3767 parodiis
1276 3682 1462 3747 summatim.

316 3788 530 3866 iudicavimus,
553 3792 619 3855 veri
638 3789 740 3854 simile
758 3795 814 3854 est
851 3790 1043 3873 Itaqueiam
1061 3790 1237 3874 antiquitus
1255 3790 1455 3856 collectiones

315 3894 532 3980 Theognideas
550 3896 691 3979 parodiis
707 3901 868 3980 pertentas
886 3919 948 3962 non
971 3897 1067 3964 abeo
1090 3899 1214 3963 demum
1236 3897 1290 3980 qui
1313 3902 1455 3964 nostram

316 4003 468 4088 syllogam
495 4003 758 4069 consarcinaverit
778 4002 935 4087 profectas
958 4025 1025 4070 esse
1046 4004 1241 4088 probabilius
1268 4001 1346 4069 mihi
1368 4003 1454 4068 vide-

316 4109 427 4196 atur.¹)
474 4109 668 4194 Quamquam
694 4131 758 4177 non
788 4111 882 4195 plane
909 4113 1018 4196 negari
1045 4117 1150 4196 potest
1177 4112 1273 4178 otiam
1299 4111 1356 4177 diu
1382 4116 1455 4195 post

406 4271 424 4336 ¹)
443 4269 492 4324 cir.
511 4269 688 4326 Welokerum
707 4288 732 4340 p.
752 4270 865 4324 LXXX.

404 4357 425 4424 ¹)
443 4357 607 4414 Welckerus
630 4377 656 4430 p.
674 4359 725 4416 LX
744 4358 919 4430 parodiamm
942 4374 1040 4428 agmen
1059 4374 1093 4414 ex
1112 4359 1224 4432 syllogis
1242 4360 1342 4415 nostris
1360 4375 1452 4430 segre·

315 4446 398 4517 gavit.
427 4477 459 4486 —
488 4465 511 4500 v.
536 4448 561 4506 d.
585 4449 682 4520 Meyus
709 4449 737 4503 in
765 4448 848 4504 tertio
871 4447 1106 4504 commentationis
1130 4465 1212 4518 supra
1235 4449 1364 4506 laudatae
1393 4467 1453 4520 cap.
