3262 4926
785 410 999 472 ..62-

410 594 491 661 Com
514 595 554 662 de
577 596 768 663 mortalitate
789 596 916 662 animae
931 594 1028 675 dieat,
1055 601 1151 679 poete
1166 593 1261 660 etiam
1277 613 1353 660 enm
1370 592 1479 660 affert

325 717 467 777 oensem,
492 699 577 782 quod
599 719 699 784 aegra
722 697 830 766 sanari
852 699 956 784 possit·
982 699 1048 783 lm,
1076 699 1231 781 513—8lz

445 803 560 868 addere
581 804 663 867 enim
679 802 787 888 partie
808 811 866 867 aut
887 802 995 866 ordine
1018 801 1169 866 traiecere
1190 809 1329 866 aecumst

447 915 503 970 aut
524 906 650 992 aliquid
663 928 797 989 prooem
818 905 857 969 de
878 927 998 969 nomme
1020 903 1185 968 detrahere
1207 903 1318 980 irritem,

448 1009 638 1073 commutare
659 1009 799 1088 animum
821 1007 1005 1094 qrueumque
1026 1006 1170 1072 adoritur
1192 1015 1222 1070 ei
1243 1005 1314 1090 infit

447 1112 623 1177 aetoliam
646 1113 786 1196 quamvis
809 1119 958 1176 naturam
968 1109 1102 1197 flectere
1125 1109 1258 1193 quaerit.

447 1223 480 1279 ai
502 1237 600 1300 neque
623 1215 798 1302 transferri
817 1214 880 1279 eibi
893 1214 1002 1298 partie
1022 1235 1079 1277 nee
1101 1212 1200 1278 tribui
1221 1212 1288 1276 enit

449 1316 626 1382 immortale
648 1318 735 1412 quod
753 1326 801 1382 eoi
822 1317 987 1402 quiequam
1008 1338 1106 1399 neque
1128 1315 1261 1401 deluere
1283 1313 1401 1378 iilum.

325 1417 442 1485 deinde
466 1427 640 1503 sequuntur
662 1420 710 1485 illi
733 1439 855 1486 verens.
895 1421 938 1484 At
959 1417 1103 1496 etiamsi,
1129 1437 1200 1484 enm
1224 1423 1369 1496 sanetur,
1396 1417 1478 1482 ani-

326 1541 398 1588 mae
419 1529 530 1607 partes
553 1522 735 1588 tribuantur
756 1524 808 1589 vel
823 1521 1003 1602 demantur,
1030 1541 1093 1587 non
1109 1539 1150 1586 ex
1165 1520 1232 1586 suis
1249 1519 1370 1585 finibus
1388 1519 1474 1585 exit.

325 1623 433 1702 Quare
457 1625 506 1690 illi
527 1644 640 1692 versos
663 1625 714 1692 hio
736 1625 837 1711 inepti
860 1632 944 1691 eunt.
970 1661 1012 1672 -

411 1727 574 1795 Postremo
597 1728 693 1794 etiem
717 1747 844 1794 veroum

708 1831 751 1911 11,
777 1833 837 1896 sor
867 1833 919 1914 (=
941 1831 968 1906 1,
995 1832 1065 1911 797]

326 1952 398 1998 oum
421 1933 574 2000 (loebelio
602 1933 776 2000 insiticium
798 1941 886 2018 puto.
934 1933 1017 1998 Nam
1047 1938 1080 1998 et
1106 1932 1315 1998 sineremus
1346 1930 1475 1997 damno

325 2034 478 2101 omittitur
500 2042 533 2102 et
555 2037 788 2103 enuntiatorum
811 2035 912 2102 eflicit
935 2055 1093 2102 conexum
1122 2033 1406 2114 molestissimum:
1445 2036 1476 2100 si

326 2140 506 2204 volumen
535 2139 745 2224 subiungere,
777 2159 817 2206 ne
842 2139 923 2204 eibi
942 2137 1086 2204 redeant.
1133 2138 1224 2202 Hane
1252 2136 1475 2202 offensionem

326 2243 497 2325 removeri,
523 2243 606 2309 siin
629 2243 791 2310 codicibus
814 2250 900 2309 esset
921 2261 1033 2309 versos

483 2369 521 2410 oe
543 2369 593 2410 ree
615 2347 660 2410 od
679 2347 777 2410 nilum
799 2346 987 2429 rediqareinr
998 2345 1153 2431 funditus
1175 2365 1289 2422 omnen,

326 2469 397 2515 enm
409 2455 495 2516 reete
507 2448 623 2516 viderit
634 2449 855 2529 Nominibus,
869 2467 931 2533 quo
943 2457 1051 2513 tamen
1063 2447 1131 2513 inre
1144 2465 1281 2513 errorem
1298 2447 1479 2514 librarii

301 2561 305 2568 ’
328 2570 385 2635 pro
406 2551 462 2617 illo
484 2569 580 2616 venen
602 2551 687 2618 buno
704 2551 872 2618 scribentis
888 2550 1016 2616 fenilem
1031 2549 1130 2633 dicat,
1149 2548 1203 2614 vix
1218 2548 1408 2634 intelleges.
1430 2589 1480 2599 -

413 2757 572 2842 Deinceps
596 2758 692 2822 aliam
709 2757 847 2842 plurium
864 2775 1013 2822 versuum
1028 2754 1235 2840 repetitornm
1252 2755 1372 2821 seriem
1390 2777 1481 2823 exo-

327 2860 495 2926 minemns.
542 2860 694 2944 Legimus
717 2859 802 2926 enim
824 2879 937 2926 versus

436 2983 511 3026 nom
534 2964 608 3026 bene
631 2963 686 3047 qui
706 2963 842 3026 didicere
865 2963 938 3026 deos
960 2983 1102 3025 securum
1124 2983 1216 3046 nqere
1239 2981 1361 3040 aeoom,

435 3065 465 3128 ei
486 3073 588 3129 tamen
610 3065 731 3130 intereo
753 3065 911 3129 mirantur
933 3087 995 3149 qua
1017 3065 1140 3128 ratione
1338 3075 1342 3082 '

437 3191 576 3254 quaeque
597 3169 669 3254 yeri
683 3169 819 3252 possint,
842 3167 1030 3252 praesertim
1052 3169 1145 3232 rebus
1167 3166 1200 3229 io
1224 3165 1292 3230 illio

436 3295 514 3356 quoe
537 3293 651 3356 nupera
674 3281 769 3354 caput
790 3271 939 3336 aetheriis
961 3278 1132 3334 cernentur
1153 3268 1187 3332 io
1209 3267 1285 3344 otio,

438 3396 547 3438 rureuo
569 3375 601 3437 in
624 3375 769 3458 antiquae
790 3375 975 3459 refer-uolui·
996 3371 1170 3455 redemeris,

437 3484 467 3542 ei
489 3477 629 3540 dominos
651 3477 734 3542 aerio
756 3475 944 3554 adsciscunt,
971 3475 1076 3538 omnia
1092 3495 1186 3557 poene

436 3603 512 3665 quon
532 3579 641 3644 mineri
661 3579 800 3658 eredunt,
824 3578 934 3662 iqnori
954 3578 1031 3661 quid
1050 3583 1143 3660 queat
1165 3597 1240 3657 enee,

345 3720 348 3728 ·
436 3684 513 3767 qnid
533 3689 674 3767 nequeat,
688 3681 790 3767 finita
810 3689 951 3765 potestas
973 3681 1104 3765 denique
1126 3679 1236 3764 coique

436 3809 571 3870 quanam
593 3786 636 3850 eit
657 3786 778 3849 rationi
799 3794 891 3869 atque
914 3785 978 3848 alte
1002 3783 1150 3847 terminus
1174 3781 1318 3846 inerme.

329 3896 361 3955 et
381 3889 414 3954 in
437 3889 537 3973 quinti
566 3891 727 3973 (ei-90)
754 3895 786 3954 et
813 3888 848 3952 in
876 3886 959 3953 sexti
989 3885 1148 3967 (58-66)
1181 3883 1253 3949 libri
1282 3889 1477 3968 prooemio:

330 3998 496 4076 praeterea
516 3993 579 4058 duo
601 3992 651 4058 illi
666 3991 799 4058 extremi
816 4009 928 4056 versun
950 3989 1029 4073 quid
1041 3996 1174 4073 nequeat
1189 4009 1215 4050 e.
1234 4009 1266 4071 q.
1283 4009 1311 4050 o.
1337 3987 1374 4052 in
1391 3991 1482 4058 libro

327 4095 429 4180 primo
451 4095 501 4161 bis
530 4097 591 4178 (76.
612 4099 645 4177 7;
674 4099 746 4159 595.
767 4097 795 4178 bl
823 4093 950 4179 repetiti
973 4099 1057 4158 sunt.

780 4197 833 4274 VI,
861 4197 1011 4260 58-66.

413 4301 461 4366 Ao
483 4301 619 4384 primum
643 4299 771 4382 quidem
794 4299 928 4364 moleste
956 4297 1028 4363 illos
1051 4315 1164 4362 novem
1188 4313 1312 4372 verone,
1340 4294 1376 4360 in
1400 4299 1482 4380 qni-
