3258 4928
334 381 396 442 τευ
768 413 811 423 -
860 379 942 461 [316]
994 413 1034 423 -

333 564 369 633 τδ
396 567 472 647 ,,καί
494 564 582 654 χρη“
606 563 713 632 πάλιν
733 561 993 656 (κάνταῦθα)
1023 570 1179 650 κείμενον
1208 563 1267 630 ίπί
1296 565 1465 652 τελευτης;
1518 583 1520 588 ’

332 673 374 738 ef.
399 691 433 758 p.
452 674 544 736 56212
567 665 751 736 ἀντίκειται
773 668 836 757 γὰρ
859 668 899 758 δὴ
922 669 1029 737 πάλιν
1051 665 1230 737 κάνταῦθα
1246 669 1316 734 κτλ.
1364 671 1466 752 58511,

336 779 431 840 10651
459 775 517 839 καὶ
543 770 607 860 γάρ
639 771 792 840 ἐνταῦθα
820 771 938 840 πάλιν.
984 775 1060 840 Mox
1088 774 1247 841 voeabula
1275 773 1333 837 καί
1359 769 1471 838 διὰτί

332 899 396 944 nen
418 885 504 945 reete
526 879 687 962 leguntur.
733 879 847 964 Inepte
870 877 955 946 enim
978 878 1018 944 de
1047 879 1164 945 iisdem
1192 878 1298 944 verbis
1328 877 1386 942 καί
1407 873 1468 964 χρή

336 1002 399 1047 uno
421 988 530 1048 tenore
553 983 725 1066 quaeritur,
752 1003 846 1065 quern
868 981 911 1048 οδ
933 981 1029 1048 finem
1054 985 1157 1064 (τίνος
1179 979 1286 1066 ἕνεκα)
1313 981 1468 1048 arcessita

338 1087 402 1151 sint
424 1093 456 1152 et
478 1085 604 1169 quade
627 1106 725 1152 eausa
752 1083 818 1170 (διὰ
840 1090 896 1170 τί).
945 1086 1042 1168 Atqui
1065 1088 1165 1152 verbe
1193 1082 1249 1151 διὰ
1270 1090 1303 1150 τί
1325 1087 1377 1152 vel
1399 1085 1468 1151 loeo

334 1208 397 1272 quo
420 1195 548 1256 exstant
569 1197 719 1274 suspecte
737 1189 828 1266 fiunt,
853 1197 963 1256 contra
976 1189 1247 1275 praepositionem
1263 1187 1361 1255 ἕνεκα
1376 1188 1470 1254 unice

335 1311 411 1359 vere
434 1291 499 1377 legi
522 1314 593 1360 eum
616 1301 774 1360 structura
796 1293 909 1377 probat
930 1299 997 1358 tum
1015 1291 1166 1377 Dionysii
1188 1291 1399 1370 eonsuetud03
1426 1290 1467 1357 ci.

334 1390 856 1482 ρ.101υυά11’δραγέ1μὴ
887 1402 947 1462 τοῦ
976 1389 1177 1480 ἀναγκαίου,
1211 1392 1355 1472 κάλλους
1384 1417 1421 1479 γε
1452 1387 1469 1481 ἢ

335 1505 401 1566 τίον
431 1496 543 1566 ἄλλων
572 1495 664 1576 τινὸς
692 1505 759 1565 τῶν
789 1497 962 1566 ἐπιθέτων
991 1497 1114 1566 ἕνεκα
1147 1495 1284 1581 κόσμων
1317 1502 1470 1584 παρεί-

333 1603 493 1688 ληπται
514 1599 552 1668 τὸ
568 1603 676 1669 κῶλον
691 1597 781 1688 αὐτῷ
796 1606 903 1681 τουτί;
933 1605 1043 1668 103311
1067 1609 1127 1668 τοῦ
1141 1597 1172 1668 δ’
1191 1596 1353 1689 ἀσφαλῶς
1367 1606 1468 1688 βῆναι

335 1701 393 1791 την
415 1706 577 1790 περίοδον
599 1705 721 1773 ἕνεκα
744 1707 802 1771 καί
824 1698 969 1782 οὐδενὸς
993 1700 1179 1792 ἀναγκαίου
1200 1755 1207 1771 .
1229 1755 1236 1768 .
1258 1755 1265 1768 .
1291 1709 1468 1792 προσεί-

333 1810 490 1895 ληπται
512 1806 549 1874 τὸ
575 1807 698 1895 πΠαρδι
721 1816 787 1876 τῶν
810 1803 1060 1876 άκυυσάντων“.
1108 1812 1200 1876 62311
1219 1803 1346 1875 Ἰσαῖον
1368 1808 1400 1874 εἲ
1420 1831 1469 1898 τις

333 1910 443 1998 ἔροιτό
465 1937 508 1995 με
531 1918 620 1980 τίνα
628 1937 646 1990 ς
669 1911 792 1980 ἕνεκα
815 1919 1046 2002 προσεθέμην.
1094 1913 1184 1980 Idem
1207 1913 1322 1980 suadet
1344 1912 1470 1980 medela

332 2014 444 2082 ultimo
459 2017 528 2082 eolo
544 2017 727 2085 adhibenda
751 2014 880 2104 πότερα
897 2014 1003 2105 (τοῦ)
1020 2021 1235 2104 σαφεστέραν
1253 2023 1396 2104 ποιῆσαι
1411 2013 1470 2103 τὴν

333 2119 511 2205 περίοδονς
539 2120 580 2186 ui.
606 2141 640 2206 p.
657 2123 767 2186 103317
791 2127 865 2187 τοῦ
888 2114 921 2186 δ’
937 2113 1099 2208 ἀσφαλῶς
1113 2124 1216 2208 γλῆναι
1229 2116 1290 2206 τὴν
1308 2120 1470 2206 περίοδον

332 2220 441 2288 ἕνεκα.
487 2222 568 2290 Inde
590 2223 727 2290 effleitur
749 2225 849 2290 verba
871 2220 928 2289 διὰ
950 2227 984 2288 τί
1005 2223 1096 2291 scioli
1119 2225 1283 2306 glossema
1303 2222 1405 2290 fuisse
1427 2222 1468 2288 εδ

333 2331 424 2403 τίνος
452 2324 549 2392 ἑνεκα
572 2333 691 2393 temere
722 2325 934 2412 adscriptum
968 2327 1051 2412 quod
1077 2327 1206 2393 eumin
1233 2332 1357 2392 textum
1385 2327 1468 2392 mele

332 2430 534 2515 reciperetur,
560 2430 719 2515 particula
734 2434 792 2495 καί
809 2429 920 2496 addite
937 2437 996 2496 est.
1045 2429 1151 2494 Simili
1174 2428 1279 2510 modo,
1305 2429 1338 2494 ni
1361 2428 1463 2508 fallor,

332 2533 388 2597 καί
411 2539 509 2598 τοῦτο
533 2533 577 2599 οδ
598 2533 762 2616 glossema
783 2531 921 2600 secessit
942 2553 974 2618 p.
994 2535 1086 2599 13113
1110 2537 1383 2619 προκεχείρισται
1405 2530 1467 2617 γὰρ

333 2633 370 2700 ἐν
392 2647 462 2712 τοῖς
483 2629 632 2717 μάλιστα
660 2637 727 2719 [καὶ
748 2641 848 2702 τοῦτο
871 2631 938 2721 πρὸ
957 2632 1107 2720 πάντων]
1135 2647 1206 2712 τοῖς
1223 2639 1400 2721 νεωτέροις
1422 2633 1469 2712 εἰς

331 2736 478 2826 γραφήν.
525 2739 718 2806 Sehaeierus
745 2740 861 2820 melei.¹
879 2739 977 2806 eritie.
1005 2761 1037 2826 p.
1061 2745 1098 2804 15
1113 2739 1175 2806 ita:
1209 2741 1344 2806 Notetur
1366 2740 1468 2805 abun-

330 2843 441 2908 dantia
464 2842 623 2910 dictionis.

414 3019 447 3082 p.
469 3001 595 3064 1033ess
618 2994 768 3064 Συνιδὼν
791 2991 898 3064 οὐθὲν
921 2994 997 3064 οὔτε
1014 2996 1125 3084 σοφὸν
1143 2991 1219 3064 orire
1234 2995 1395 3085 περιττὸν
1410 2994 1468 3086 τὴν

333 3099 467 3188 γνώμην
489 3099 644 3184 δχουσαν,
672 3095 758 3187 ὅπερ
783 3095 879 3185 οἶμαι
900 3098 1024 3168 λοιπὸν
1046 3090 1096 3189 ἦν,
1122 3101 1182 3168 lae.
1210 3102 1307 3168 eliu.
1333 3109 1392 3190 τῆς
1414 3099 1467 3188 ἑρ-

329 3209 469 3292 μηνείας
491 3199 596 3292 αὐτὴν
618 3198 753 3292 ἡδύνειν
766 3202 926 3287 βούλεται
945 3205 999 3288 (su.
1015 3202 1188 3290 Πλάτων).
1228 3205 1318 3271 Duce
1334 3205 1467 3290 Sylbur·

329 3308 392 3393 gi0,
418 3309 473 3392 qui
497 3315 543 3393 τῷ
565 3308 796 3394 καλλωπισμῷ
817 3315 876 3395 τῆς
892 3305 1069 3394 ἑρμηνείας
1091 3307 1296 3374 scribendum
1319 3307 1462 3386 coniecit,

328 3411 402 3494 lego
431 3408 503 3498 (τῷ
524 3408 689 3498 κάλλει)
714 3415 772 3498 τῆς
796 3409 973 3498 ἑρμηνείας
997 3403 1102 3497 αὐτην
1132 3401 1266 3498 ἡδύνειν
1295 3409 1462 3492 βούλεται,

328 3515 367 3580 ολ.
393 3537 424 3600 p.
444 3519 497 3580 151
521 3518 554 3578 τί
576 3504 637 3580 οὖν
659 3514 812 3580 λείπεται
834 3511 879 3602 μὴ
904 3507 979 3596 οὐχί
1002 3511 1063 3602 τὴν
1085 3511 1249 3580 σύνθεσιν
1274 3521 1348 3580 τοῦ
1370 3511 1465 3580 κάλ-

330 3620 427 3695 λους
459 3623 528 3706 τῆς
551 3615 781 3705 ἑρμηνείας
804 3616 1002 3698 altariorium
1036 3620 1106 3684 3210
1129 3615 1178 3694 τίς
1200 3623 1283 3701 γοῦν
1305 3609 1428 3705 ἡδονὴν
1450 3613 1466 3704 ἢ

329 3719 483 3798 κάλλος
506 3719 749 3808 ἑρμηνείας.
800 3725 888 3788 iliis
918 3718 1101 3798 κάλλους
1129 3719 1360 3808 ἑρμηνείας
1383 3719 1466 3788 εἵνε-

199 3897 207 3916 ·
331 3850 398 3891 κεν.
447 3823 724 3902 5111011101ος
747 3831 806 3912 τῆς
829 3818 1050 3910 άπαγγελίας.
1095 3828 1190 3891 10054
1213 3821 1390 3902 τδκάλλος

330 3935 395 3995 τῶν
418 3923 605 4010 ὀνομάτων.
631 3967 674 3976 -
697 3929 879 4012 Sequuntur
900 3929 997 3996 haee:

415 4105 446 4169 p.
469 4087 594 4150 1033sss
610 4077 749 4150 ’Ἔπειθ’
768 4079 881 4168 ὥσπερ
904 4079 946 4148 τά
968 4081 1125 4170 μειράκια
1149 4078 1300 4165 καταβάς
1316 4077 1385 4147 άπὸ
1403 4089 1465 4148 τῶν

327 4192 494 4273 γενναίων
516 4189 573 4253 καὶ
595 4189 866 4272 μεγαλοπρεπῶν
881 4179 1060 4270 ὀνομάτων
1082 4211 1117 4252 τε
1141 4187 1196 4251 καί
1213 4183 1395 4272 σχημάτων
1410 4184 1465 4251 ἐπὶ

332 4287 371 4354 τὰ
395 4287 561 4376 θεατρικά
590 4289 631 4354 τὰ
658 4295 814 4375 Γοργίεια
837 4291 932 4356 ταυτὶ
960 4293 1202 4374 παραγίνεται·
1239 4285 1312 4364 τὰς
1346 4283 1465 4354 άντι-
