3258 4928
573 423 617 434 -
642 387 747 470 ,13111
795 423 840 434 -
1099 437 1101 444 ,
1213 389 1273 452 111

219 598 252 661 p.
282 579 422 641 1061nss
459 581 575 641 Ταῦτα
604 575 668 658 μὲν
697 563 758 642 οὖν
786 576 889 659 χωρὶς
918 573 1049 660 ἑκάστῳ
1080 583 1146 644 τῶν
1174 584 1275 662 τριιῖιν

138 676 347 762 πλασμάτων
369 679 649 765 παρακολουθεῖν
670 678 758 766 λ’φην
780 679 838 744 καί
861 677 896 744 ἐκ
918 677 1048 746 τούτων
1077 674 1193 768 ἠξίουν
1215 678 1275 768 τήν

137 787 383 871 Δημοσθένους
405 780 550 866 δύναμιν
572 779 752 870 πεφυκότα
774 782 838 865 μὲν
859 783 917 848 καί
939 795 1010 860 τοῖς
1029 780 1144 860 άλλοις
1160 807 1274 869 παρα-

136 889 316 954 κολουθεῖν
338 885 532 970 πλάσμασι,
558 891 741 974 κρατίστην
764 881 797 952 δ’
817 882 902 970 ὅφιν
926 885 1049 969 ἔχοντα
1071 889 1129 952 καὶ
1151 885 1273 972 ἐκπρε-

137 989 306 1078 πεστάτην
329 989 366 1057 ἐν
388 987 520 1067 τούτοις
543 1003 615 1068 τοῖς
637 996 785 1076 χωρίοις.
833 992 972 1058 Verbum
1001 984 1118 1078 ἠξίουν
1138 990 1273 1056 infiniti-

134 1113 208 1157 vum
231 1092 376 1160 additum
403 1091 567 1176 postulare
590 1091 781 1177 Sylbnrgins
804 1099 836 1158 et
858 1091 1009 1158 Reiskins
1031 1092 1268 1158 intellexerunt.

135 1214 267 1276 quorum
289 1194 346 1260 iile
370 1191 525 1274 ἐξετάσαι
551 1191 697 1276 δύναμιν
726 1195 905 1280 ρτοροευίί,
941 1193 993 1259 hin
1023 1192 1192 1274 ἐξετάζειν
1220 1195 1271 1262 vel

133 1297 330 1380 βασανίζειν
351 1299 405 1364 vei
435 1296 630 1382 δοκιμάζειν
658 1296 813 1382 δύναμιν.
861 1300 973 1365 Paullo
1001 1299 1109 1364 verius
1139 1298 1271 1364 Reiskio

135 1403 214 1468 duee
236 1403 282 1468 ita
304 1403 443 1468 seribere
465 1402 544 1469 mihi
574 1402 685 1470 videor
716 1400 750 1468 ἐκ
780 1398 910 1467 τούτων
931 1399 1134 1489 (ἐξετάζειν)
1156 1395 1272 1489 ἠξίουν

134 1503 193 1591 τήν
214 1509 462 1592 Δημοσθένους
491 1503 644 1588 δύναμιν,
677 1505 716 1570 ol.
743 1527 777 1590 p.
798 1508 886 1570 75511
918 1503 1013 1589 παρὰ
1042 1503 1103 1570 τὸν
1132 1500 1271 1590 άριστον

134 1613 199 1674 τῶν
220 1605 296 1674 τότε
320 1605 473 1696 ῥητόρων
495 1606 574 1686 τοὺς
602 1607 708 1685 ίδίους
736 1605 958 1688 ἐξετάζειν
986 1602 1109 1696 ἠξίου
1137 1606 1268 1694 λόχους.

133 1712 207 1778 Mox
228 1712 400 1799 partieipia
422 1709 600 1799 πεφυκότα
630 1720 663 1777 et
690 1711 812 1794 ἔχοντα
841 1733 922 1779 sana
949 1733 1014 1780 non
1042 1720 1133 1793 sunt,
1168 1733 1271 1797 neque

133 1837 216 1900 quae
230 1817 384 1884 Reiskius
406 1817 503 1884 nezibi
525 1817 628 1883 voluit
649 1814 845 1904 πεφυκότος
867 1823 900 1882 et
915 1815 1052 1899 ἔχοντος
1073 1836 1181 1883 veram
1196 1835 1272 1883 sen-

131 1921 263 1988 tentiam
286 1921 492 1988 adsemntur.
539 1925 746 2008 Δημοσθένη
770 1912 953 2008 κρατίστην
976 1916 1061 1997 ὄφιν
1089 1919 1181 2003 ἔχειν
1206 1971 1212 1984 .
1234 1970 1268 1983 ..

133 2022 169 2090 ἐν
191 2021 323 2102 τούτοις
346 2036 416 2101 τοῖς
438 2029 576 2108 χωρίοις
599 2025 662 2091 diei
685 2024 804 2108 nequit,
834 2044 905 2090 eum
928 2023 1043 2090 eadem
1066 2023 1106 2090 de
1129 2021 1270 2106 δυνάμει

131 2127 251 2212 optime
281 2127 523 2211 φτοοδίεεοαυς
555 2127 598 2192 ns.
630 2147 662 2211 p.
684 2130 780 2192 10621
810 2120 895 2190 καθ’
922 2124 939 2191 ὃ
968 2123 1116 2208 μάλιστα
1147 2129 1272 2211 χωρίον

132 2227 254 2317 ἑκάστη
288 2235 354 2296 τῶν
388 2223 516 2314 άρετων
544 2225 630 2311 ὄψιν
659 2222 797 2316 ἠδίστην
824 2227 904 2310 ἔχει.
952 2230 1057 2312 Legna
1086 2227 1201 2310 igitur:
1235 2225 1271 2293 ἐκ

132 2333 262 2400 τούτων
275 2330 478 2423 (ἐξετάζειν)
494 2326 609 2420 ἠξίουν
624 2329 685 2420 τήν
699 2336 948 2420 Δημοσθένους
963 2330 1108 2415 δύναμιν
1129 2353 1270 2418 πεφν-

131 2449 258 2504 κυῑαν
279 2437 343 2520 μὲν
365 2437 422 2502 καί
444 2449 515 2512 τοῖς
538 2430 653 2512 ἄλλοις
676 2436 957 2522 παρακολουθεῖν
973 2431 1162 2518 πλάσμασι,
1189 2455 1272 2518 κρα-

132 2545 248 2630 τίστην
270 2535 304 2607 δ’
324 2539 408 2626 ὅφιν
430 2539 613 2622 ἔχουσαν
634 2541 692 2604 καὶ
707 2535 985 2626 ἐκπρεπεστάτην
998 2536 1036 2604 ἐν
1051 2535 1184 2614 τούτοις
1199 2547 1270 2614 τοῖς

130 2650 279 2731 χωρίοις.

217 2801 250 2865 p.
269 2783 394 2846 10631εε
421 2779 462 2846 01
477 2777 562 2846 κατὰ
578 2777 639 2868 τήν
655 2773 759 2867 αὐτ-ἠν
774 2772 908 2866 ἠλικίαν
924 2745 1136 2862 ἀκμάσαντες
1153 2777 1269 2862 ἐκείνῳ

129 2879 368 2965 θαυμάζοντες
391 2881 428 2948 δὲ
451 2883 547 2970 δήλοί
571 2881 658 2950 εἰσιν
687 2877 791 2948 αὐτὸν
819 2883 999 2959 καλοῦντες
1029 2881 1151 2971 ταύτης
1178 2879 1270 2966 [ταύ-

129 3009 191 3072 την
212 2987 238 3070 ο]
264 2983 412 3070 μάλιστα
442 2993 500 3073 τής
527 2981 699 3069 εύτεχνίας
719 2987 783 3051 Me.
830 2985 1005 3052 verissime
1028 2986 1181 3053 Reiskius
1212 3005 1268 3070 pro

129 3087 167 3154 δὲ
190 3089 319 3175 scripsit
341 3113 376 3154 τε
405 3096 437 3156 et
466 3109 508 3155 ex
536 3110 613 3156 voce
643 3091 822 3165 καλοῦντες
852 3089 961 3154 elicuit
991 3091 1049 3154 καὶ
1078 3088 1266 3176 ζηλοῦντες.

129 3193 247 3259 Cetera
280 3194 380 3258 verba
413 3192 498 3276 quod
531 3200 635 3259 mutat
662 3191 826 3278 Sylbnrgii
861 3192 1053 3276 exemplaris
1084 3191 1268 3258 accusativo

130 3294 255 3382 ταύτην
287 3297 321 3361 ni
354 3295 451 3361 fallor
484 3303 682 3362 commotus:
719 3293 956 3379 θαυμάζοντές
989 3319 1024 3360 τε
1059 3295 1155 3382 δῆλοί
1184 3293 1269 3360 είσιν

128 3393 237 3465 αὐτοῦ
269 3400 326 3464 καί
356 3397 533 3486 ζηλοῦντες
563 3397 688 3487 ταύτην
717 3398 863 3482 μάλιστα
893 3395 952 3484 τήν
979 3391 1167 3479 εύτεχνίαν,
1205 3417 1267 3462 non

126 3501 239 3585 probo.
279 3501 486 3568 Ambrosiani
508 3503 602 3569 lectio
624 3503 659 3568 in
681 3503 730 3569 his
749 3511 834 3570 certe
857 3501 937 3569 nihil
953 3501 1061 3582 habet,
1088 3522 1150 3585 quo
1166 3501 1269 3566 offen-

125 3603 195 3669 dat.
244 3605 295 3671 Os·
320 3627 352 3690 p.
374 3608 472 3672 10251
495 3613 553 3693 τής
584 3600 615 3671 δ’
643 3601 886 3692 ἀπειροκαλίας
917 3598 1022 3671 αὐτὸν
1051 3597 1265 3671 οὐδεπώποτ’

127 3705 293 3794 ἒζήλωσα.

215 3868 247 3932 p.
269 3849 394 3911 10641111
417 3847 508 3930 liam
537 3842 612 3930 ούχί
634 3847 732 3914 τοῦτό
754 3871 810 3912 πω
826 3842 1019 3928 θαυμάζειν
1036 3839 1174 3928 δι’ξιονῖ),
1196 3838 1265 3908 ἀλλ’

128 3944 185 4016 ὅτι
207 3949 264 4014 καὶ
286 3957 465 4035 μαρτυρῶν
486 3951 640 4036 πολλαχῇ
663 3948 724 4038 τήν
746 3945 868 4038 άρετήν
888 3955 933 4034 τῷ
949 3947 1063 4036 ῥήτορι
1081 3947 1268 4036 κατάδηλός

125 4052 200 4118 ἐστι
227 4053 283 4118 καί
307 4051 414 4140 ζηλῶν
435 4055 490 4136 (σε.
502 4051 694 4139 Αἰσχίνης).
743 4055 823 4120 Cum
846 4053 886 4119 de
903 4054 972 4118 sola
989 4052 1022 4117 in
1038 4051 1266 4137 componendis

200 4311 215 4374 ¹)
238 4311 284 4364 καί
304 4308 419 4366 Reisk.:
445 4307 540 4376 &MR
564 4311 576 4376 ii
605 4311 622 4364 2¹
648 4307 727 4372 ἄξιον
745 4312 809 4368 add.
831 4327 884 4381 mg.
905 4312 966 4367 eod.
988 4310 1069 4365 Bodl.
