3280 4934
328 383 373 450 42
762 343 808 434 ..⁴
851 383 945 470 pes]
993 423 1031 433 .-

328 582 439 665 viginti
452 588 572 665 septem
585 579 684 664 igitur
696 601 795 646 annos
808 583 1046 666 compluresque
1058 581 1127 646 dies
1141 585 1264 664 gestum
1278 587 1327 646 est
1340 579 1466 656 bellum,

328 689 445 773 incepit
461 687 503 754 ab
522 693 661 753 extremo
679 687 746 754 fere
764 688 816 754 die
835 688 1102 754 dnthesterionis:
1125 693 1162 752 ut
1180 709 1264 753 vere
1282 687 1369 752 anni
1391 687 1466 750 404

327 795 443 860 bellum
465 793 588 860 finitum
611 801 645 861 et
663 795 805 861 Athenas
827 795 962 860 traditas
981 816 1049 860 esse
1072 795 1135 859 iam
1158 793 1279 859 eluceat
1302 816 1319 858 e
1342 793 1465 878 Thucy-

327 903 409 980 dide,
431 925 452 967 a
469 924 531 986 quo
549 903 791 987 Xenophontem
810 925 871 968 non
890 902 1052 968 discedere
1070 925 1167 988 supra
1184 902 1327 976 vidimus,
1350 902 1466 986 quippe

326 1011 380 1094 qui
411 1017 603 1094 postremum
634 1011 710 1074 anni
742 1010 860 1075 factum
893 1010 1033 1075 Athenas
1070 1009 1205 1073 traditas
1238 1012 1466 1074 commemoret

326 1117 408 1182 Hinc
430 1121 536 1182 autem
558 1115 728 1182 difficultas
750 1117 827 1181 oriri
854 1116 992 1192 videtur,
1014 1116 1042 1181 si
1065 1118 1192 1202 quidem
1214 1115 1412 1200 Thucydides
1435 1122 1468 1179 et

326 1223 500 1308 Xenophon
523 1245 542 1288 a
566 1223 737 1288 Plutarcho
760 1223 954 1306 discrepant,
977 1245 1047 1288 cum
1074 1224 1142 1287 dies
1165 1223 1240 1288 Xl'l
1257 1221 1466 1288 Munichiouis

326 1352 387 1396 non
406 1337 473 1395 tam
490 1331 532 1395 ad
550 1331 665 1414 prioris
683 1332 758 1395 anui
777 1328 870 1394 finem
884 1351 978 1414 quam
991 1331 1033 1395 ad
1051 1330 1235 1414 posteri0ris
1253 1329 1378 1393 initium
1396 1349 1466 1413 per·

326 1441 428 1504 tinere
446 1438 598 1503 rideatur.
646 1437 794 1501 Attamen
812 1436 1020 1520 Thucydideo,
1043 1459 1063 1503 a
1085 1459 1147 1522 quo
1170 1459 1226 1521 per
1244 1437 1323 1502 duos
1346 1436 1467 1519 priores

324 1543 423 1608 libros
445 1549 621 1627 temporum
643 1545 798 1609 rationem
817 1544 994 1628 Xenophon
1011 1550 1173 1610 mutuatus
1192 1549 1336 1616 osteum
1355 1564 1465 1608 secun·

325 1652 400 1716 dum
422 1656 560 1716 aestates
583 1657 616 1715 et
637 1651 757 1718 hiemes
780 1652 885 1716 omnia
907 1658 1025 1728 narret,
1047 1657 1084 1715 ut
1109 1651 1177 1734 ipse
1200 1651 1324 1735 saepius
1347 1651 1467 1716 indicat

325 1757 429 1844 (11,1;
449 1757 485 1832 V,
505 1757 561 1832 203
580 1757 617 1835 V,
636 1756 693 1843 26)
713 1795 752 1805 -
778 1780 858 1845 quae
880 1760 994 1825 divisio
1017 1781 1056 1824 ex
1079 1758 1148 1842 ipsa
1170 1757 1338 1835 bellorum,
1360 1757 1467 1840 qualia

325 1871 402 1930 tuno
425 1870 524 1941 erant,
548 1869 662 1930 natura
683 1867 786 1949 petita
808 1873 856 1930 est
880 1905 931 1943 -,
953 1887 1016 1932 non
1038 1866 1130 1930 anxie
1156 1865 1250 1930 certis
1278 1865 1388 1930 diebus
1410 1870 1467 1930 ant

326 1970 484 2036 mensibus
507 1977 668 2056 tamquam
686 1971 802 2038 finibus
825 1979 1048 2058 tempestatum
1067 1975 1169 2038 utitur
1190 1995 1291 2056 neque
1310 1973 1374 2037 ullo
1397 1973 1466 2037 loco

325 2079 445 2144 indicat
471 2099 550 2162 quos
571 2080 646 2144 anni
674 2079 742 2144 dics
769 2077 847 2144 fines
870 2101 938 2145 esse
961 2081 1092 2146 aestatis
1119 2080 1294 2164 hiemisque
1324 2079 1465 2146 voluerit.

326 2187 522 2270 Quamquam
558 2186 657 2269 igitur
692 2207 763 2251 eum
799 2189 1013 2270 aequinoctia,
1052 2189 1188 2253 usitatos
1224 2187 1308 2271 apud
1346 2193 1466 2252 veteres

324 2293 436 2358 harum
459 2299 682 2377 tempestatum
704 2290 830 2378 fines,¹)
860 2295 892 2358 in
916 2301 1020 2359 mente
1047 2271 1195 2360 habhisse
1217 2295 1386 2359 verisimile
1409 2299 1466 2369 est,

325 2409 429 2466 tamen
457 2398 605 2466 liberiore
628 2401 721 2464 modo
749 2401 874 2466 initium
902 2403 984 2467 veris
1006 2403 1099 2467 modo
1127 2403 1159 2465 in
1183 2403 1331 2468 extremis
1354 2399 1466 2466 hiemis

326 2509 418 2573 modo
442 2510 472 2572 in
496 2506 606 2592 primis
630 2508 760 2573 aestatis
784 2508 895 2573 diebus
914 2509 1056 2586 collocat,
1074 2509 1260 2593 saepiusque
1279 2531 1318 2573 ne
1336 2531 1387 2574 res
1409 2529 1467 2592 per

325 2615 460 2680 hiemem
488 2614 602 2680 dumne
634 2635 714 2698 quae
746 2635 819 2678 vere
846 2613 940 2694 finem
963 2615 1143 2700 capiebant,
1171 2616 1355 2692 dissereret,
1382 2619 1466 2678 totas

325 2721 420 2787 hiemi
448 2721 570 2786 tribuit.
621 2721 725 2804 Atque
751 2741 846 2804 quam
873 2743 935 2784 non
964 2729 1051 2788 certo
1083 2723 1219 2788 termino
1247 2724 1466 2788 discernantur

324 2835 429 2894 aestas
452 2835 485 2894 et
506 2828 615 2906 hiems,
638 2828 728 2892 multi
753 2829 813 2893 loci
836 2828 987 2905 indicant,
1010 2829 1124 2912 quibus
1142 2850 1197 2894 ver
1219 2830 1312 2894 modo
1334 2827 1377 2892 ad
1398 2827 1466 2892 hie·

240 2922 243 2932 ¹
324 2957 405 3000 mem
424 2935 577 3001 modoad
595 2939 748 3016 aestatem
767 2935 926 3019 pertinere
945 2938 1078 3002 videtur.
1109 2936 1153 3002 Ut
1170 2936 1355 3020 plerumque
1372 2935 1465 3019 primi

324 3042 455 3108 aestatis
479 3043 546 3106 dies
569 3033 672 3106 verbis
696 3032 762 3126 ἅμα
790 3042 825 3107 δὲ
848 3050 898 3128 τῷ
921 3031 975 3130 ἦρι
1003 3036 1106 3122 εὐθὺς
1129 3051 1190 3109 τοῦ
1212 3037 1467 3128 ἐπιγιγνομένου

324 3145 448 3235 θέρους
467 3149 536 3234 (IV,
558 3148 634 3223 117;
654 3148 690 3224 V,
708 3151 766 3226 403
788 3149 840 3227 VI,
857 3151 914 3226 943
937 3151 991 3228 VI,
1010 3151 1044 3228 83
1069 3149 1155 3226 VIII,
1174 3150 1231 3236 61)
1255 3150 1395 3232 legitIme
1420 3150 1466 3212 in-

324 3258 480 3334 dicantur,
501 3257 549 3321 ita
570 3275 632 3321 non
652 3255 767 3320 desunt
784 3255 853 3333 loci,
872 3257 987 3339 quibus
1006 3247 1073 3342 ἅμα
1090 3245 1145 3343 ἦρι
1165 3257 1262 3322 verba
1285 3257 1466 3332 invenimus,

324 3364 379 3429 ubi
407 3363 492 3429 lacta
518 3363 630 3428 hiemis
656 3369 825 3428 narrantur
849 3363 904 3448 (ΙΙ,
930 3364 1006 3438 103;
1032 3364 1066 3442 V,
1090 3365 1156 3447 20).
1203 3363 1289 3443 Quae
1313 3362 1466 3428 eiusmodi

325 3477 410 3548 sunt,
437 3475 474 3534 ut
495 3491 553 3553 per
579 3469 714 3534 hiemem
737 3471 834 3535 ducta
856 3471 965 3554 primis
989 3473 1069 3536 veris
1093 3471 1204 3536 diebus
1227 3470 1267 3535 sd
1291 3469 1386 3534 finem
1407 3469 1466 3534 ad·

325 3578 487 3642 durantur.
524 3575 586 3641 Sed
610 3597 727 3654 vereor,
749 3599 790 3642 ne
811 3565 935 3662 longior
958 3578 1016 3644 sim
1039 3580 1073 3643 in
1096 3599 1130 3642 re
1154 3578 1301 3660 slmplici:
1323 3578 1356 3642 id
1380 3583 1467 3642 certe

325 3683 503 3749 ostendisse·
525 3681 602 3747 mihi
630 3684 751 3762 videor,
778 3685 896 3768 optime
920 3685 1089 3751 secundnm
1113 3693 1289 3770 temporum
1312 3684 1466 3750 rationem

325 3787 517 3874 Thucydidis
535 3795 567 3854 et
584 3789 811 3874 Xenophontis,
834 3793 881 3858 ita
903 3799 938 3856 ut
961 3813 981 3858 a
999 3792 1169 3858 Plutarcho
1187 3813 1250 3858 non
1270 3789 1467 3866 dissentiant,

329 3895 468 3962 Athenas
495 3897 631 3962 traditas
653 3918 736 3964 anno
759 3899 886 3963 exeunti
910 3898 1008 3963 tribui
1031 3921 1129 3984 posse.

414 4003 557 4088 Denique
584 4006 611 4070 si
645 4006 778 4072 forsitan
808 4007 942 4070 miretur
969 4007 1125 4091 quispiam
1157 4005 1224 4070 dies
1256 4003 1297 4069 ab
1325 4009 1466 4070 extremo

326 4113 391 4176 l'ore
423 4111 474 4176 die
504 4111 756 4178 Anthesterionis
787 4132 886 4195 usque
916 4113 958 4178 ad
986 4112 1061 4177 XVI
1094 4113 1177 4179 diem
1205 4111 1415 4176 Munichionis
1447 4131 1468 4176 a

325 4219 507 4302 Thucydide
535 4241 651 4303 paucos
678 4221 855 4286 nominatos
879 4241 945 4285 esse
965 4218 1017 4307 (V,
1041 4219 1082 4284 26
1108 4215 1148 4284 οὐ
1171 4214 1326 4302 solidet
1354 4225 1466 4283 tenen-

348 4446 362 4504 ἑ
416 4367 434 4427 ¹)
453 4362 536 4418 Arist.
557 4363 644 4432 probl.
665 4363 765 4426 XXVI,
784 4362 819 4416 26
838 4354 853 4430 ἡ
873 4357 1006 4432 ἰσημερίοι
1023 4355 1165 4434 μεθόριόν
1183 4356 1243 4416 ἐστι
1260 4363 1400 4432 χειμῶνος
1418 4361 1466 4415 καὶ

327 4453 347 4504 ,9
365 4468 438 4526 ρους.
