3268 4920
339 391 380 454 en
776 422 819 432 —
866 386 949 468 iare]
995 355 1041 432 ’-

425 580 572 642 Potestas
605 573 795 642 vocabulum
825 572 1015 640 Comifieius
1049 573 1149 639 semel
1183 571 1264 640 dixit
1297 573 1337 638 de
1371 571 1479 638 verbis

339 682 395 759 1v,
414 684 466 761 54,
487 682 545 744 67:
579 700 616 742 ea
643 676 840 760 reperientur
857 676 982 763 sorite,
1018 675 1048 740 ai
1075 675 1250 742 noverimus
1279 684 1311 740 et
1339 676 1479 741 animum

339 782 567 850 adverterimus
597 782 760 848 orborum
792 780 945 864 ancipites
977 787 1035 844 aut
1066 778 1251 862 muttipriioie
1281 787 1474 862 powstetm

339 887 453 954 eadem
477 884 564 951 voois
587 883 673 950 notio
696 881 815 966 legitur
836 882 870 950 in
892 889 1049 967 argentea
1077 882 1209 964 liuguae
1231 881 1350 948 latinae
1372 891 1479 950 aetate

339 988 427 1076 apud
443 989 519 1056 Seu.
537 989 612 1054 beu.
633 989 663 1067 2,
680 989 731 1066 34,
747 991 785 1062 4;
812 991 980 1070 praeterea
1002 1005 1032 1052 e.
1051 1003 1083 1068 g.
1102 984 1191 1069 apud
1207 984 1291 1052 Geli.
1315 991 1362 1066 lo,
1379 989 1431 1066 29,
1449 993 1473 1050 l.

340 1094 466 1162 Aureae
489 1089 782 1158 aetatis·auetores
814 1107 885 1154 enm
908 1088 1004 1156 verbo
1031 1095 1171 1171 ponetur
1199 1088 1282 1154 abas
1311 1088 1480 1156 tribuerint

341 1195 497 1276 senones,
532 1192 574 1260 de
602 1191 769 1260 voeabulis
800 1191 907 1260 dieere
936 1191 1060 1258 malunt
1083 1191 1129 1256 eris
1157 1191 1242 1258 notio
1271 1192 1475 1278 sipeificetio:

340 1298 382 1368 of.
407 1297 576 1364 Antibarb.
601 1315 677 1380 pag.
697 1296 771 1360 891.

389 1461 391 1465 .
426 1401 495 1466 Hoo
518 1399 588 1466 loeo
611 1419 694 1482 qnae
724 1397 766 1466 de
788 1417 848 1466 usn
870 1397 1096 1466 adverbiorum
1118 1405 1193 1462 ante
1213 1403 1246 1464 ot
1267 1407 1361 1464 antea
1390 1399 1480 1484 apud

341 1501 546 1570 Cornificium
576 1507 609 1567 et
636 1501 671 1566 in
700 1500 813 1584 primis
836 1500 1003 1570 Ciceronis
1032 1501 1123 1568 libris
1153 1500 1290 1568 dicenda
1315 1501 1477 1581 videntur,

341 1606 511 1692 proferans.
560 1607 646 1670 Arte
669 1604 763 1682 enim,
790 1624 864 1669 eum
887 1603 962 1671 olim
985 1604 1173 1670 adverbium
1195 1604 1301 1686 inerit,
1327 1604 1362 1670 in
1384 1625 1478 1689 prae-

341 1708 510 1794 positionis
532 1725 624 1774 usum
639 1707 863 1790 degeneravit3
890 1707 1051 1791 antiquior
1072 1715 1180 1774 tamen
1202 1715 1298 1791 atque
1320 1709 1479 1791 genuinus

341 1809 397 1878 ille
431 1829 509 1878 usus
542 1829 606 1876 non
632 1815 757 1876 tantum
789 1809 823 1874 in
854 1809 949 1876 eertis
979 1809 1172 1892 quibusdam
1202 1831 1241 1878 aa
1268 1811 1479 1878 sollemnibus

342 1913 489 1980 formulis
511 1914 636 1996 integer
657 1912 855 1993 remanebat,
881 1913 941 1980 aed
956 1913 1053 1980 etiam
1076 1921 1274 1998 praetereas
1289 1914 1378 1998 apud
1400 1935 1479 1982 non·

342 2017 448 2084 nullos
471 2016 643 2101 scriptores
666 2015 769 2100 magis
792 2015 939 2109 minusve
961 2017 1103 2100 vigebat.
1146 2018 1244 2084 Velut
1265 2019 1399 2084 Plautus
1420 2019 1481 2085 ad·

342 2120 452 2188 verbio
475 2129 568 2184 antea
591 2137 749 2202 nusquam
772 2138 850 2184 usus
874 2126 941 2200 est,
974 2119 1146 2187 Terentius
1169 2122 1270 2186 semel
1291 2121 1377 2187 And.
1401 2129 1427 2204 1,
1450 2129 1475 2202 1,

343 2226 383 2287 25
407 2222 440 2288 in
463 2229 606 2288 extremo
630 2221 757 2288 senario
785 2221 834 2303 (oi.
862 2222 940 2287 Bria
963 2221 1006 2288 ad
1028 2223 1075 2288 Pl.
1094 2223 1185 2288 ibin.
1203 2227 1297 2308 568);
1324 2225 1400 2291 item
1424 2247 1481 2293 ne

342 2345 404 2410 qne
425 2325 459 2391 in
482 2324 672 2394 eomieorum
702 2343 807 2406 neque
835 2325 869 2390 in
892 2325 1084 2409 tragieornm
1118 2333 1286 2411 poetarum
1315 2347 1418 2411 noque
1448 2330 1478 2395 in

342 2427 457 2494 Luoilii
486 2446 591 2510 neque
609 2427 657 2498 ,in
680 2427 832 2494 Varronis
854 2434 1034 2494 saturarum
1057 2429 1296 2515 Menippearum
1323 2450 1426 2515 neque
1447 2433 1479 2498 iu

342 2530 573 2598 Historioornm
611 2529 787 2614 priscorum
832 2530 1019 2614 fragmentis
1059 2541 1154 2597 antee
1190 2552 1324 2616 usquam
1362 2533 1480 2618 depre-

343 2633 459 2712 bendi;
497 2639 607 2699 eontra
637 2641 731 2698 antee
757 2633 874 2716 legitur
902 2633 936 2698 in
965 2633 1153 2718 fragmentis
1182 2635 1361 2702 orationum
1384 2637 1481 2702 Cato-

344 2735 512 2804 nianarum
535 2757 567 2820 p.
593 2738 644 2817 52,
674 2741 712 2800 14
734 2743 767 2802 et
789 2737 841 2817 bl,
864 2742 877 2800 1
918 2736 978 2820 (ed.
1003 2737 1146 2822 Iordan).
1199 2739 1293 2806 Hune
1321 2740 1421 2823 igitur
1448 2740 1480 2804 in

344 2837 474 2904 modum
510 2837 598 2922 apud
631 2837 835 2904 Comitioinm
870 2859 996 2923 qnoque
1033 2848 1065 2906 et
1098 2841 1132 2905 in
1168 2841 1279 2925 primia
1316 2841 1480 2908 Ciueronis

343 2940 471 3024 seriptis
486 2948 560 3008 onte
582 2943 637 3022 ita,
664 2949 699 3008 nt
714 2940 865 3012 adverbii
884 2962 1016 3010 munere
1039 2943 1201 3028 fungatur,
1227 2945 1327 3011 mullo
1350 2945 1480 3030 saepius

344 3050 516 3128 usurpatur
538 3064 635 3126 qnam
658 3053 761 3108 uuna.
816 3045 975 3112 Paulatim
1005 3046 1133 3112 domurn
1163 3056 1257 3112 enne
1285 3046 1479 3114 aCieerone

344 3144 532 3231 praefertur,
564 3146 667 3214 donee
688 3147 732 3214 ad
753 3153 931 3214 extremum
959 3157 1054 3214 antee
1082 3150 1182 3215 multo
1212 3148 1411 3234 frequentius
1433 3159 1479 3216 est

344 3269 440 3332 quam
456 3258 528 3316 onte
551 3249 753 3330 adverbinm;
781 3250 841 3316 hoo
862 3257 970 3318 tamem
987 3271 1058 3318 eum
1082 3271 1142 3318 usu
1163 3251 1228 3317 iam
1247 3252 1382 3318 nimium
1397 3259 1481 3319 esset

344 3349 582 3434 confirmatum,
616 3373 680 3418 non
702 3352 830 3420 omnino
860 3352 937 3419 reiei
959 3360 1086 3438 poterat
1113 3375 1154 3420 ex
1176 3373 1322 3420 sermone
1345 3357 1476 3434 urbano,

344 3459 378 3519 at
406 3455 509 3522 rarius
539 3461 571 3522 et
592 3456 779 3540 plerumque
808 3455 842 3521 in
866 3455 960 3522 eertis
983 3456 1174 3539 quibusdam
1204 3457 1359 3538 formulis,
1395 3459 1480 3524 velut

344 3564 419 3620 unte
441 3579 547 3642 quem,
571 3559 669 3623 mutto
686 3568 759 3624 unte
775 3558 934 3624 similibus
947 3558 1173 3626 adhibebatur.
1213 3559 1308 3644 Apud
1326 3560 1479 3645 Nepotem

343 3658 531 3726 adverbium
553 3669 627 3726 oute
649 3661 781 3746 saepius
803 3661 941 3728 ooonrril
962 3682 1059 3745 quam
1081 3671 1186 3728 antea.

430 3763 499 3828 Iam
523 3763 667 3847 singulos
687 3764 945 3831 enumerabimus
968 3765 1066 3832 looos.
1114 3767 1154 3831 nt
1176 3765 1263 3850 apud
1278 3765 1479 3832 Comiiieium

343 3864 473 3946 quidem
501 3875 595 3932 anteo
623 3868 656 3932 in
686 3867 799 3951 primis
828 3867 929 3933 tribus
963 3865 1052 3934 libris
1081 3889 1238 3951 nusquam
1268 3867 1476 3953 deprehendi.

343 3976 417 4032 erte
432 3967 629 4035 adverbium·
643 3969 677 4036 in
699 3969 781 4036 libro
800 3970 902 4054 primo
918 3977 1040 4054 quater,
1067 3971 1101 4036 in
1115 3971 1196 4038 libro
1212 3969 1354 4038 seeundo
1368 3972 1476 4050 octies,

343 4069 377 4134 in
400 4069 493 4136 tertio
517 4072 638 4149 sexies3
666 4073 699 4139 in
723 4073 804 4140 libro
826 4080 939 4156 quarto
962 4083 1035 4139 uerte
1057 4073 1165 4142 deoies
1183 4073 1363 4158 quinquies,
1389 4084 1480 4140 antee

343 4172 394 4238 bia
418 4173 472 4254 lv,
492 4179 524 4252 5,
543 4178 572 4237 7.
600 4178 651 4256 26,
673 4179 723 4240 36.
771 4177 818 4241 Ae
839 4175 1015 4260 posteriore
1038 4176 1167 4260 quidem
1196 4177 1266 4243 loeo
1296 4186 1390 4242 antee
1411 4196 1479 4242 oum

344 4273 385 4338 ab
408 4273 480 4358 ipso
503 4275 649 4361 Kaysero
672 4280 888 4361 excogitatum
912 4280 952 4346 sit
980 4300 1037 4364 pro
1064 4280 1111 4345 eis
1134 4299 1215 4364 quae
1239 4279 1369 4346 codices
1391 4277 1479 4346 exbi-
