3262 4926
594 421 637 432 -
685 387 769 469 [ros]
817 421 860 432 -
1255 387 1293 449 ar

244 577 275 637 2.
300 571 475 659 Arohetypi
497 573 577 639 vitia
598 573 631 639 in
650 573 853 640 Ambrosiani
875 573 1051 658 exemplari
1073 572 1191 639 iniuria
1212 581 1296 638 tem-

156 696 270 762 porum
292 677 384 742 novis
406 676 495 742 vitiis
517 677 681 744 cumulata
702 685 786 759 sunt,
812 676 928 760 quibus
945 675 1161 757 Florentinns,
1186 683 1295 760 utpote

156 778 212 862 qui
227 779 380 846 ducentos
396 779 465 846 iere
478 787 512 845 et
525 780 761 864 quinquaginta
779 799 880 846 annos
895 779 936 844 ab
958 779 1170 846 Ambrosiam
1185 778 1291 862 distet,

156 881 354 948 deformatus
376 901 440 948 non
463 889 523 948 est.
570 883 710 948 Probent
732 882 792 949 hoo
814 883 913 950 verba
936 888 994 968 της
1013 879 1146 968 είρήνης
1167 881 1202 946 in
1218 881 1296 946 Flo-

155 985 281 1050 rentino
304 993 443 1066 seruata,
470 1003 661 1068 quamquam
684 986 716 1050 in
733 1005 772 1052 eo
794 993 828 1052 et
848 985 919 1070 ipso
929 986 1065 1053 uerbum
1089 977 1295 1066 ἀντέχεσθαι

155 1088 273 1153 launna
294 1107 358 1153 non
381 1087 563 1172 significata
584 1088 689 1174 periit.
729 1089 977 1172 Ambrosianus,
1010 1087 1071 1154 etsi
1100 1107 1162 1153 non
1192 1086 1293 1152 solum

157 1191 255 1255 verbo
278 1184 484 1272 ἀντέχεσθαι
505 1191 562 1258 ssd
585 1192 682 1258 etiam
705 1198 763 1278 τής
786 1190 918 1279 εἰρήνης
940 1199 1037 1270 caret,
1070 1191 1104 1256 in
1127 1211 1165 1258 eo
1186 1196 1294 1256 tamen

156 1293 307 1368 maiorem
323 1293 419 1360 fidem
434 1302 585 1380 praestat,
609 1295 695 1379 qnod
709 1296 810 1362 tribus
825 1294 891 1362 illis
906 1295 985 1362 loeis
1001 1295 1143 1380 spatium
1158 1312 1294 1359 vaenum

155 1397 300 1463 relietum
331 1405 396 1474 est3
430 1397 513 1463 unde
544 1397 604 1462 hoo
634 1417 759 1482 quoque
785 1418 850 1464 non
878 1397 1130 1484 improbabiliter
1158 1397 1294 1480 colligas

156 1499 378 1584 apographum
400 1499 568 1586 archetypi
589 1501 681 1580 illud,
714 1521 755 1568 en
777 1521 840 1584 quo
862 1501 1091 1568 Ambrosianus
1117 1499 1210 1568 fluxit
1237 1502 1290 1583 (a),

155 1603 341 1686 diligentius
372 1604 600 1690 transcriptum
630 1623 703 1672 esse
731 1625 827 1688 quam
849 1603 948 1684 illud,
982 1604 1068 1688 quod
1089 1605 1293 1670 Florentinus

154 1705 253 1772 refert
273 1707 339 1792 (fl.
377 1704 481 1785 Quam
503 1707 715 1774 coniecturam
738 1727 779 1774 ex
802 1729 864 1774 uno
886 1709 946 1774 hoo
968 1709 1037 1774 looo
1059 1708 1186 1774 duotsm
1207 1706 1296 1773 codi-

155 1829 226 1874 oum
256 1810 427 1878 lectionum
457 1831 593 1878 emman
624 1811 754 1880 minime
783 1811 890 1892 fallet3
931 1831 1007 1878 nam
1035 1819 1070 1877 ut
1095 1811 1156 1878 hoo
1186 1810 1292 1877 statim

154 1913 368 1998 praeripiam,
401 1913 520 1980 oodiois
542 1916 749 1982 Ambrosiani
771 1916 832 1981 etsi
855 1917 985 1982 saeoulo
1001 1915 1060 1980 XV
1083 1914 1211 1982 demum
1235 1933 1293 1980 ex-

154 2017 235 2080 arati
258 2018 352 2102 plura
375 2025 450 2083 sunt
470 2019 598 2103 propria
619 2020 704 2085 bona
726 2038 823 2101 quam
846 2017 1022 2084 Florentini
1046 2038 1129 2084 seeo.
1149 2019 1224 2084 ΧΠ.

241 2118 347 2184 Ceteri
366 2120 420 2202 qui
440 2119 502 2186 huo
516 2119 677 2206 pertinent
693 2122 755 2187 loci
770 2140 963 2204 quamquam
979 2140 1043 2186 non
1059 2120 1179 2206 pariter
1194 2138 1294 2202 quae-

155 2221 251 2286 stioni
280 2221 384 2286 luoem
416 2222 601 2304 effundunt,
634 2223 754 2291 habent
775 2231 884 2290 umen
905 2231 938 2290 et
960 2222 1034 2309 ipsi,
1064 2241 1126 2305 quo
1148 2221 1291 2288 oodioum

155 2323 430 2393 necessitudinem
447 2325 617 2392 illustrent.

241 2428 276 2493 P.
296 2428 402 2492 608oss
425 2427 553 2494 exhibet

281 2529 484 2596 Florentinus
505 2530 566 2597 ila:
860 2531 1092 2597 Ambrosianus
1114 2531 1176 2597 ila:

154 2633 211 2695 καλ
226 2631 256 2696 εἰ
270 2656 333 2714 μεν
349 2622 386 2698 εὖ
399 2652 434 2697 τε
450 2639 508 2698 τῶι
524 2631 627 2718 λόγιοι
639 2657 698 2699 ττι-
750 2633 851 2700 καὶεί
866 2641 1003 2716 μενεῦτε
1024 2639 1098 2716 [rus.
1114 2653 1211 2720 supra
1227 2656 1242 2698 a
1261 2635 1288 2715 1)

155 2731 302 2800 στεύειν·
329 2733 359 2800 εἰ
375 2733 410 2800 δε
424 2760 479 2822 μη,
503 2743 564 2803 νῦν
584 2734 697 2822 παρά·
749 2736 812 2804 lao.
836 2741 947 2802 9—10
969 2737 1030 2804 litt.
1053 2743 1101 2801 τιῖι
1120 2734 1210 2821 λόγιο
1234 2759 1294 2800 ττι-

154 2843 279 2917 σχεσθε
301 2834 485 2923 μάρτυρας,
512 2838 544 2904 εί
563 2863 594 2904 τι
612 2845 697 2922 ψεῦ-
749 2837 895 2905 στεύειν
921 2838 1005 2906 εἰδὲ
1025 2837 1080 2926 μή,
1107 2847 1170 2906 νῦν
1185 2843 1293 2924 τταρέ-

155 2939 213 3016 ὀος
230 2929 268 3026 ήν
289 2930 335 3006 (hv
357 2938 559 3026 ἐλογισάμην
580 2934 693 3027 αὐτῆς.
749 2947 874 3024 σχεσθε
891 2940 1082 3028 μάρτυρας·
1107 2942 1139 3007 εἴ
1160 2965 1192 3012 τι
1208 2947 1293 3024 ψεῦ-

749 3045 806 3122 δος
823 3034 863 3132 ήν
884 3036 930 3111 ὧν
951 3042 1156 3132 ἐλογισάμην
1176 3037 1289 3131 αὐτῆς.

154 3147 386 3212 Ambrosianus
408 3147 555 3212 lacunam
571 3147 604 3212 ln
620 3146 804 3214 Florentino
823 3169 990 3234 perperam
1006 3149 1219 3215 oblitteratam
1238 3167 1294 3214 ao·
1385 3218 1390 3229 ,

155 3257 263 3314 ourate
286 3249 438 3316 servavit.

240 3352 276 3418 P.
295 3355 401 3418 billum
413 3383 455 3410 =
467 3355 564 3420 Isoor.
583 3361 701 3438 tropen.
728 3353 746 3437 §
762 3359 781 3417 4
805 3353 906 3420 habes

296 3454 330 3518 in
353 3456 549 3522 Florentino:
877 3456 910 3521 in
932 3457 1161 3523 Ambrosiano:

154 3553 372 3642 ἐπεθύμησεν
381 3552 608 3644 ἄντοὸημηοαι.
621 3555 695 3624 ἐπι·
750 3555 969 3646 ἐπεθύμησεν
979 3553 1197 3646 ἀποδημῆσαι
1210 3560 1214 3644 l
1228 3562 1290 3626 lac.

154 3653 696 3746 δημήσαςδὲὸττατήρμοαδὺο
752 3661 959 3728 16—181itt.
987 3655 1004 3728 ὁ
1036 3649 1105 3748 τῆή
1136 3685 1202 3744 μου
1232 3660 1292 3728 δύο

152 3767 234 3836 ναῦς
256 3767 327 3828 ττοῦ
353 3763 385 3845 (l.
405 3767 509 3844 σίτου)
537 3763 594 3828 καὶ
615 3761 697 3850 γρή-
748 3769 832 3839 ναῦς
855 3787 924 3830 που
949 3764 981 3848 (l.
1001 3769 1105 3848 olroo)
1133 3765 1190 3829 aul
1210 3763 1292 3852 χρή-

153 3887 243 3946 ματα
277 3860 356 3941 (loire
398 3862 591 3948 ἐξέπεμψεν
626 3859 696 3948 ἅμα
748 3889 839 3948 ματα
877 3863 956 3944 δοὺς
994 3865 1187 3950 ἐξέπεμψεν
1222 3861 1291 3950 ἅμα

153 3970 386 4052 κατεμαορίαν
401 3969 457 4032 καί
474 3972 635 4052 θεωρίαν.
747 3963 825 4032 κατ’
845 3967 1014 4055 ἐμπορίαν
1032 3971 1089 4034 καὶ
1105 3974 1267 4056 θεωρίαν.

153 4067 251 4150 Vide,
285 4089 422 4153 quaeso,
456 4089 551 4155 quam
581 4077 702 4136 temere
725 4084 788 4138 vox
814 4069 1026 4158 ἐπιδημήσας
1051 4073 1085 4139 in
1107 4073 1291 4140 Florentino

152 4171 343 4258 interpolata
355 4173 410 4254 sit;
434 4181 483 4240 est
495 4173 579 4239 enim
592 4173 743 4240 Isocratis
758 4173 930 4256 genuinum
948 4180 1098 4258 γεμίσας.
1124 4176 1203 4246 Inde
1215 4177 1292 4244 Flo-

153 4275 268 4339 rentini
284 4274 431 4341 lectionis
446 4275 526 4342 fides
541 4259 779 4359 auotoritasone
795 4275 892 4342 etiam
914 4301 946 4365 p.
962 4283 1068 4345 blloss
1083 4281 1209 4364 oorruit,
1235 4281 1290 4346 ubi
