3248 4940
306 343 325 406 s
733 379 773 388 -
821 341 918 424 [104]
965 377 1005 386 -

394 537 567 614 Addamus,
595 557 674 620 quae
697 535 806 619 Lysias
835 535 867 599 iu
896 535 1038 599 oratione
1065 540 1176 598 eontra
1202 533 1456 598 Eratosthenem

304 645 415 710 habita
438 643 522 724 (XII,
545 642 686 708 43-47.
710 642 857 728 68-76)
881 641 987 718 refert,
1010 639 1064 706 ubi
1087 662 1138 704 res
1161 642 1288 726 exponit
1311 641 1371 706 hoc
1394 661 1456 706 or-

304 753 392 818 dine:
420 751 496 817 Post
522 749 609 814 illam
636 749 852 832 gravissimam
875 748 996 814 cladem
1024 748 1191 832 optimates
1219 747 1374 814 coniurati
1398 744 1457 832 (οἱ

304 855 506 943 καλούμενοι
534 851 673 942 ἑταῖροι)
702 856 841 939 quinque
869 855 1003 939 ephoros
1030 856 1250 932 instituerunt,
1276 857 1332 938 qui
1360 855 1456 918 omni

303 967 461 1033 industria
479 986 546 1029 rem
564 963 723 1047 publicam
742 970 882 1028 evomere
901 964 1066 1028 studerent
1084 961 1119 1048 (ξ
1138 962 1293 1047 43-47).
1326 961 1455 1026 Eodem

304 1073 370 1138 fere
392 1079 533 1155 tempore
552 1069 762 1136 Theramenes
784 1070 896 1136 urbem
918 1091 951 1135 se
975 1075 1173 1134 servatmmn
1195 1090 1263 1134 esse
1286 1069 1454 1154 pollicitus

304 1202 361 1244 suo
384 1178 517 1243 arbitrio
541 1199 610 1242 cum
632 1177 888 1243 Lacedaemoniis
912 1198 1005 1260 agere
1029 1177 1131 1242 iussus
1155 1182 1216 1252 est,
1243 1177 1299 1242 sed
1321 1180 1454 1240 tautum

304 1287 394 1364 afuit,
416 1291 453 1349 ut
475 1283 568 1348 fidem
590 1290 776 1367 praestaret,
798 1291 835 1349 ut
856 1284 994 1368 patriam
1012 1283 1192 1367 turpissime
1214 1283 1363 1366 proderet
1385 1281 1452 1346 La—

305 1391 576 1475 cedaemoniisque
590 1391 790 1473 gravissimas
809 1391 990 1474 imponendi
1010 1390 1209 1456 condiciones
1223 1397 1334 1454 auctor
1347 1387 1449 1454 fieret

305 1501 449 1582 Denique
477 1499 651 1562 contionem
673 1500 761 1582 prius
788 1497 856 1562 fieri
886 1519 948 1562 nou
975 1519 1085 1581 passus
1114 1504 1175 1572 est,
1202 1517 1296 1579 quam
1324 1504 1450 1579 tempus

305 1609 430 1672 adesset
453 1625 524 1669 cum
547 1604 690 1670 hostibus
714 1606 934 1682 coustitutum,
961 1627 1024 1688 quo
1047 1604 1227 1668 intermisso
1251 1603 1449 1687 Lysandrum

306 1713 400 1778 Samo
426 1711 596 1776 arcessivit
645 1711 691 1776 Eo
718 1718 885 1796 praesente
913 1712 1017 1778 contio
1045 1712 1085 1776 de
1112 1734 1147 1776 re
1178 1711 1305 1794 publici
1337 1710 1447 1774 habita

306 1825 362 1897 est,
385 1841 448 1904 qna
471 1818 603 1902 triginta
625 1820 684 1883 viri
708 1825 782 1884 sunt
803 1819 943 1884 instituti
966 1820 1000 1902 (ξ
1024 1818 1179 1904 68---76).

394 1926 461 1990 Iam
484 1947 558 1990 vero
581 1927 751 2003 videamus,
774 1933 929 2009 quatenus
957 1924 991 1988 hi
1015 1927 1077 1990 duo
1100 1931 1197 1990 testes
1221 1926 1304 1990 iuter
1327 1947 1360 1990 se
1384 1924 1449 1990 dis-

306 2034 452 2098 sentiant
485 2032 546 2110 Qui
564 2055 634 2097 eum
653 2033 753 2098 multa
771 2034 880 2098 codem
904 2033 996 2098 modo
1015 2033 1163 2110 referant,
1181 2039 1248 2097 tum
1268 2033 1449 2115 discrepan-

306 2142 370 2205 tiae
388 2146 569 2223 comparent
592 2140 719 2204 minime
737 2140 908 2222 negandae.
946 2137 992 2204 Ac
1014 2141 1149 2222 primum
1173 2141 1308 2224 quidem,
1332 2147 1367 2203 ut
1385 2138 1450 2204 alia

306 2268 386 2329 quae
413 2246 454 2311 ab
482 2246 636 2312 alterutro
668 2253 792 2311 tautum
820 2255 1103 2311 commemorantur
1134 2246 1330 2322 omittamus,
1363 2247 1448 2329 apud

305 2353 546 2437 Xenophontem
573 2353 622 2418 bis
649 2352 771 2437 legatus
794 2355 934 2418 mittitur
956 2352 1180 2430 Theramenes,
1207 2354 1295 2436 prius
1322 2354 1362 2417 ad
1387 2352 1448 2436 Ly-

306 2460 468 2538 sandrum,
500 2460 615 2526 deinde
647 2482 716 2525 eum
747 2481 859 2526 novem
890 2461 961 2526 aliis
993 2461 1034 2526 ad
1067 2460 1345 2536 Lacedaemonios,
1377 2481 1448 2524 eum

305 2569 415 2652 Lysias
438 2568 477 2633 de
495 2589 559 2631 una
577 2573 701 2632 tautum
719 2567 759 2632 ad
778 2567 1043 2634 Lacedaemonios
1068 2567 1223 2650 legatione
1242 2567 1448 2632 Theramenis

305 2676 460 2759 loquatur.
508 2673 629 2739 Deinde
656 2675 809 2757 postridie
836 2697 931 2757 quam
958 2677 1097 2740 redierat
1119 2673 1328 2738 Theramenes
1351 2673 1447 2738 Laee-

306 2783 471 2858 daemone,
507 2781 593 2864 pacis
625 2782 822 2846 condiciones
854 2789 1000 2866 acceptas
1033 2803 1099 2846 esse
1131 2780 1306 2864 Xenophon
1338 2787 1448 2844 narrat

305 2889 365 2974 (Il,
388 2889 424 2964 2,
447 2887 514 2974 22),
541 2909 613 2952 eum
639 2889 724 2971 apud
748 2887 873 2972 Lysiam
897 2889 1003 2974 (XIII,
1030 2889 1067 2952 17
1093 2891 1152 2971 sq.)
1181 2887 1375 2953 Theramene
1398 2910 1447 2952 re·

305 2997 394 3072 duce,
420 2995 604 3078 priusquam
626 2995 666 3058 de
694 3016 770 3077 pace
797 3003 952 3078 ageretur,
980 2994 1113 3059 Athenis
1141 2995 1268 3079 longum
1296 2995 1446 3079 temporis

305 3103 442 3186 spatium
464 3101 676 3167 intercessisse
699 3102 901 3179 inveniamus,
924 3125 987 3185 quo
1010 3103 1049 3178 ei,
1071 3104 1125 3184 qui
1150 3103 1345 3166 dominatum
1367 3123 1446 3185 pau-

305 3230 411 3274 corum
431 3207 635 3284 affectabant,
653 3209 784 3274 insidias
798 3210 873 3273 viris
892 3208 1097 3294 popularibus
1116 3209 1279 3292 parabant.
1305 3209 1448 3291 Denique

305 3315 481 3398 Xenophon
505 3315 617 3400 (11,3‚
641 3315 676 3400 3)
704 3317 836 3399 triginta
868 3317 943 3381 viris
976 3317 1130 3382 institutis
1163 3317 1204 3380 ad
1232 3315 1359 3382 Samum
1393 3338 1448 3398 op-

305 3423 508 3506 puguandam
531 3421 728 3506 Lysandrum
752 3428 894 3488 avectum
917 3445 993 3500 esse,
1017 3429 1128 3490 eontra
1150 3423 1260 3507 Lysias
1285 3422 1370 3506 (XII,
1391 3423 1447 3506 71)

304 3531 368 3594 iam
391 3537 485 3594 antea
503 3529 629 3594 Samum
654 3535 866 3613 oppugnatam
890 3551 956 3596 esse
979 3539 1097 3608 narrat,
1120 3519 1203 3595 unde
1222 3529 1384 3614 Lysander
1407 3531 1448 3594 ad

305 3637 437 3720 triginta
460 3638 543 3700 viros
566 3636 776 3702 instituendos
799 3659 819 3701 a
841 3637 1034 3704 Theramene
1057 3637 1225 3703 arcessitus
1248 3638 1297 3702 sit

394 3743 478 3821 Quas
510 3743 551 3808 ad
583 3743 810 3827 discrepantias
843 3745 925 3810 inter
957 3767 990 3809 se
1023 3745 1234 3810 conciliandas
1266 3744 1321 3808 alii
1353 3744 1449 3809 aliam

306 3851 388 3916 viam
407 3849 539 3932 ingressi
554 3858 634 3915 sunt.
663 3850 856 3928 Quaeramus
875 3851 982 3935 igitur,
996 3853 1072 3935 quid
1087 3852 1347 3918 verisimillimum
1360 3851 1449 3916 ride-

305 3965 391 4034 atur3
419 3978 492 4021 nam
519 3977 585 4020 ram
613 3959 660 4022 ita
682 3963 829 4035 tractare,
857 3963 892 4022 ut
915 3960 1015 4024 omnis
1039 3959 1197 4024 dubitatio
1226 3959 1365 4035 tollatur,
1394 3981 1451 4024 uec

304 4066 408 4149 potuit
432 4065 598 4148 quisquam
619 4087 678 4130 uec
700 4065 767 4149 ipse
790 4070 924 4148 postero.

394 4172 511 4254 Atque.
547 4177 583 4235 ut
615 4172 771 4236 solvamus
805 4173 941 4256 primum
973 4174 1189 4256 quaestionem
1222 4169 1451 4250 difficillimam,

304 4298 366 4360 quo
389 4283 531 4360 tempore
549 4279 625 4343 viris
648 4280 853 4364 popularibus
876 4301 896 4344 a
914 4279 1082 4344 Theocrito
1101 4283 1133 4345 et
1153 4279 1292 4363 Agorato
1316 4279 1451 4346 insidiae

304 4389 435 4470 paratae
467 4385 543 4463 siut,
580 4394 645 4452 tres
678 4393 751 4454 sunt
782 4387 981 4474 potissimum
1013 4387 1196 4458 sententiae.
1223 4387 1451 4456 examinandae
