3304 4928
769 456 808 466 -
858 417 953 500 [198]
1004 419 1076 466 -·

513 609 754 695 ἐπικοκάστρια
778 598 838 688 c‚'

512 714 775 803 ἐπικοκκάστρια
798 711 819 804 ἢ
843 715 1103 802 ἐπικαγχάστρια
1127 718 1163 794 Α,

513 810 739 909 ἐπικακοστρᾶ
762 831 794 888 et
816 825 850 888 in
873 845 970 908 marg.
996 819 1234 908 ἐπικαχάστρια
1260 823 1294 896 V,

514 927 798 1016 ἐπικουκούστρια
820 931 847 994 Β
871 930 908 1007 Ε,

512 1032 776 1122 ἐπικαγκιὶστρια
799 1036 897 1102 Onon.
921 1043 1003 1102 teste
1028 1036 1247 1119 Bernhardy03

243 1131 244 1136 ἵ
330 1153 436 1210 tamen
464 1145 511 1209 Re
535 1145 692 1228 scriptura
719 1167 814 1226 quam
842 1135 980 1227 proba'nt
1008 1147 1034 1208 A
1063 1143 1117 1229 (O)
1145 1141 1262 1208 Suidae
1295 1141 1418 1206 codices
1448 1147 1481 1204 et

331 1251 554 1336 Eustathius¹)
579 1242 694 1327 ἀοιδὸς
718 1247 981 1335 ἐπικοκκάστρια
1005 1251 1214 1333 praeferenda
1236 1255 1293 1314 est.
1317 1285 1361 1294 —-

420 1446 538 1530 Magna
556 1454 604 1512 est
623 1446 722 1528 igitur
741 1447 774 1510 in
793 1446 992 1512 recensendis
1012 1444 1344 1528 Thesmophoriuznsis
1363 1442 1482 1508 Snidae

330 1555 517 1627 auctoritem
553 1574 626 1616 nam
659 1559 691 1630 et
728 1552 804 1635 plus
832 1553 1046 1636 quadraginta
1079 1551 1157 1616 locis
1195 1551 1280 1616 solus
1311 1546 1482 1632 genuinam

332 1659 553 1742 Aristophanis
577 1658 767 1741 scripturam
790 1659 939 1734 seruauit,
963 1666 995 1722 et
1019 1657 1200 1741 saepissime
1223 1657 1271 1720 R¹⁸
1293 1655 1482 1739 scripturam

331 1767 423 1830 fulcit
442 1771 473 1830 et
494 1762 668 1840 confirmat,
692 1766 827 1848 denique
850 1787 889 1830 ex
912 1766 989 1847 ipsis
1009 1763 1126 1830 Suidao
1145 1765 1270 1828 mendis.
1291 1762 1481 1846 ineptiisque

330 1872 384 1936 hic
406 1872 473 1938 illie
495 1871 616 1954 aliquid
634 1872 714 1936 lueis
733 1871 941 1955 Aristophani
963 1871 1072 1936 afferri
1094 1871 1244 1944 uidinrns;
1268 1870 1353 1952 quod
1371 1890 1481 1951 quam-

331 2000 427 2062 quam
454 1979 540 2042 uiros
567 1979 678 2042 doctos
705 1979 833 2042 minime
861 1977 957 2060 fugit,
986 1977 1080 2042 immo
1109 1977 1291 2059 saepissime
1316 1974 1341 2038 ii
1369 1975 1480 2058 quiin

332 2085 456 2150 edenda
478 2084 530 2148 uel
553 2083 740 2168 explicanda
763 2084 824 2149 hae
841 2083 950 2150 fabula
968 2105 1096 2167 operam
1120 2084 1323 2164 studiumque
1346 2081 1481 2146 colloca·

332 2192 411 2258 bant
433 2191 549 2257 Suidae
577 2193 751 2274 scripturas
779 2199 811 2256 et
838 2191 1060 2256 adnotationes
1084 2190 1125 2254 ad
1149 2189 1377 2253 emendandam
1401 2189 1482 2252 harre

332 2298 473 2364 fabulam
491 2298 716 2375 adhibuerunt,
734 2305 841 2363 tamen
860 2297 975 2381 dignae
993 2297 1143 2361 uidentur
1163 2317 1244 2379 qnae
1259 2295 1325 2360 fore
1340 2295 1482 2376 integrae

332 2403 726 2488 Thesmophoriazusarnm
752 2405 920 2488 apparatui
944 2403 1054 2468 critico
1078 2404 1269 2466 inserantur.

726 2615 862 2681 CAPVT
885 2614 1084 2680 TERTIVM.

858 2762 878 2838 ξ
904 2759 952 2822 13.

423 2881 592 2964 Pergamus
615 2882 655 2946 ad
680 2881 941 2964 Lysistratam.
988 2883 1034 2946 De
1059 2883 1147 2946 cuius
1170 2879 1297 2946 fabulae
1320 2881 1481 2946 codicibus

333 3009 411 3069 quos
434 3009 517 3050 nunc
539 2987 691 3052 habemus
715 2988 858 3072 Engerus
881 2988 961 3054 haee
984 2989 1131 3052 adnotat:
1155 2987 1231 3052 Duo
1255 2993 1363 3052 celant
1387 2989 1480 3070 Lysi-

332 3098 454 3157 stratuc
477 3093 630 3156 librorum
651 3115 776 3176 ponera,
803 3115 938 3178 quorum
962 3095 1099 3158 alterum
1117 3096 1217 3173 speeie
1236 3094 1362 3178 quidem
1381 3114 1479 3156 cneii·

332 3200 442 3264 datius
460 3201 515 3263 sod
532 3201 769 3280 interpolatoris,
790 3201 926 3265 altorum
939 3201 1048 3264 ocultis
1063 3202 1154 3264 uitiis
1168 3201 1375 3282 inquinatum
1390 3199 1480 3282 leupo

332 3310 438 3369 tamen
460 3306 614 3370 sincerius
642 3312 686 3370 est
709 3311 805 3388 atque
824 3307 1047 3387 praestanti-us
1065 3309 1183 3386 priore.
1231 3307 1351 3371 Prioris
1374 3313 1480 3370 nutem

333 3411 458 3493 generis
477 3419 551 3476 sunt
570 3412 693 3477 codices
711 3413 744 3476 B
761 3413 820 3494 0²)
845 3414 996 3499 (Parisini
1017 3413 1103 3476 2715
1124 3422 1155 3477 et
1175 3413 1276 3498 2717)
1302 3420 1333 3477 et
1354 3411 1480 3478 Vossia-

332 3537 392 3581 nus
414 3515 578 3582 Leidensis
603 3518 671 3605 (L),
695 3541 787 3600 quom
811 3519 1001 3606 Velsenusi)
1025 3539 1087 3584 non
1111 3525 1228 3584 temere
1253 3517 1428 3584 l'lor'entini
1452 3519 1485 3582 Γ

334 3622 561 3708 (bibliothecae
589 3625 820 3690 Laurentinnao
846 3625 903 3701 31,
929 3625 984 3711 15)
1019 3627 1163 3690 ultimam
1191 3633 1312 3709 partem
1342 3625 1480 3690 offecisse

333 3730 510 3812 suspicatus
538 3737 599 3806 est,
627 3737 659 3796 et
686 3731 918 3796 Laurentianus
947 3731 972 3795 Δ
1000 3732 1072 3816 (31,
1103 3733 1172 3816 16);
1205 3733 1322 3796 etenim
1350 3732 1481 3796 lacunae

407 3924 479 3981 ¹lud
499 3923 548 3976 od.
570 3941 613 3992 pg.
637 3927 713 3988 1761,
734 3927 776 3978 21.

406 4012 426 4074 't
445 4013 632 4067 Dindorfianis
656 4013 733 4081 siglis
753 4021 826 4080 ntor;
852 4029 904 4067 non
925 4013 995 4067 bene
1015 4015 1088 4068 enim
1107 4015 1233 4082 Engerus
1253 4013 1393 4069 Parisinus
1411 4015 1482 4068 2715

335 4109 363 4156 et
385 4103 455 4156 2717
484 4101 607 4155 nominat
629 4103 697 4172 AB,
727 4119 787 4156 cum
811 4101 972 4156 Dindorfius
1001 4103 1103 4157 rectius
1132 4102 1227 4156 littera
1252 4103 1278 4156 A
1307 4101 1482 4170 insigninerit

334 4189 488 4244 Parisinum
509 4191 587 4254 2712,
607 4190 654 4259 qui
674 4191 828 4259 Lysistrsta
848 4194 932 4254 caret,
953 4197 980 4242 et
995 4191 1158 4246 Vossianum
1175 4189 1341 4245 Leidensem
1358 4191 1481 4259 angerus

334 4276 479 4346 insigniuit
502 4287 566 4331 nota
591 4279 621 4342 V,
645 4285 676 4333 nt
700 4278 782 4333 tacile
806 4295 868 4332 com
892 4277 1016 4343 Vienetol
1036 4278 1123 4348 possit
1146 4277 1290 4344 contundi3
1316 4279 1346 4334 ef
1370 4280 1480 4334 Velsen.

334 4367 431 4421 Philol.
453 4367 544 4420 XXlV
565 4385 609 4434 pg.
631 4369 690 4422 126.

406 4456 426 4506 ”i
449 4455 538 4509 Ucber
557 4457 610 4509 den
630 4457 722 4509 Codex
743 4454 860 4508 Urbinas
880 4469 925 4524 pg.
945 4457 987 4508 53.
1035 4492 1038 4499 r
