3258 4928
570 431 614 443 -
663 397 747 479 [aas]
793 432 834 442 -
873 373 880 412 ”
1213 399 1271 462 241

141 576 215 648 ’ἐσθ’
235 577 330 659 ὅπως
353 577 395 648 ἀν
417 605 468 659 τις
490 576 673 665 ἀνάσχοιτο
695 589 755 671 της
777 580 935 671 τοιαύτης
956 590 1135 670 μουσικης;
1169 587 1202 647 τί
1223 583 1271 664 δὲ,

141 684 167 750 εί
188 679 318 751 τοάτων
339 686 403 770 μέν
426 681 630 772 ἀμφοτέρων
650 692 862 774 προνοηθείη
879 690 1034 774 μετρίως,
1059 691 1157 772 μένοι
1171 681 1201 752 δ’
1217 684 1277 752 ἐπὶ

140 796 193 875 της
216 783 318 876 αὐτῆς
340 789 509 876 μελῳδίας
532 791 677 857 καὶτῶν
700 784 811 857 αὐτῶν
833 789 976 876 ῥυθμῶν
999 783 1099 857 οὐδὲν
1118 784 1161 856 ἀν
1176 787 1275 868 έξαλ-

140 887 266 958 λάττων
282 885 359 958 οάδὲ
376 892 578 972 ποικίλλων;
606 879 660 978 ἀρ’
677 887 738 976 οάχ
754 887 835 958 ὅλον
849 893 1051 980 διαφθείροι
1065 889 1103 958 τὸ
1120 885 1270 978 ἀγαθόν;

140 997 196 1061 Pro
218 1002 360 1082 ποιῆται
385 997 459 1080 lego
488 993 733 1083 ποιήσαιτο.
780 995 942 1062 Particula
970 992 1012 1062 άν
1040 1003 1076 1062 ut
1103 1017 1272 1082 perperam

138 1117 205 1164 cum
238 1097 418 1184 participiis
452 1096 665 1178 ἐξαλλάττων
697 1105 729 1164 ct
761 1098 947 1165 ποικίλλων
975 1100 1193 1184 coniungitur,
1228 1099 1275 1164 iia

91 1280 92 1285 η
139 1200 221 1266 omni
254 1202 348 1267 modo
377 1201 410 1266 in
441 1201 574 1286 apodosi
603 1201 815 1268 condicionali
844 1201 1055 1268 desideratur.
1103 1203 1274 1268 Praeterea

138 1305 393 1388 interrogationis
416 1306 541 1389 siguum
557 1307 640 1372 male
656 1306 786 1372 additur
807 1312 881 1391 post
897 1305 1093 1388 ποικίλλων,
1120 1306 1275 1372 omittitur

137 1415 206 1492 post
228 1411 261 1472 τί
277 1407 325 1473 δέ.
372 1408 515 1474 Alteram
537 1409 635 1491 igitur
656 1409 823 1494 periodum
845 1410 892 1476 ita
914 1405 1128 1475 exhibuerim:
1158 1413 1201 1473 Τί
1216 1409 1271 1488 δίς

137 1509 165 1576 εί
192 1507 323 1577 τούτων
351 1511 414 1594 μὲν
442 1505 648 1598 ἀμφοτέρων
676 1517 888 1600 προνοηθείη
917 1515 1075 1599 μετρίως,
1110 1516 1207 1595 μένοι
1237 1505 1271 1577 δ’

136 1611 191 1678 ἐπὶ
213 1619 272 1700 τῆς
295 1608 398 1701 αὐτῆς
419 1614 588 1700 μελῳδίας
609 1615 668 1678 καί
690 1621 756 1681 τῶν
778 1609 890 1681 αὐτῶν
904 1615 1047 1702 ῥυθμῶν
1062 1609 1161 1681 οάδέν
1176 1613 1274 1694 έξαλ-

137 1713 266 1782 λάττων
295 1710 375 1783 οὐδὲ
403 1718 600 1800 ποικίλλων,
633 1707 690 1803 ἀρ’
710 1711 771 1800 οὐχ
795 1711 876 1783 ὅλον
900 1713 978 1806 (ἀν)
1002 1717 1205 1805 διαφθείροι
1232 1714 1272 1782 τὸ

134 1813 285 1904 ἀγαθὸνς
1030 1809 1032 1814 “

221 1944 253 2009 p.
275 1927 387 1990 110710
412 1921 562 2005 Ταχεῑάν
584 1948 619 1989 τε
642 1923 736 1990 πάνυ
757 1923 819 2011 τὴν
840 1931 964 2009 γνῶσιν
978 1922 1125 2012 λήψεται
1139 1925 1197 1989 καὶ
1213 1919 1273 1991 οάκ

136 2022 206 2090 ἐπι
228 2026 404 2092 λοο31ἰίί.
432 2048 550 2091 σεται
572 2038 646 2103 ταῖς
670 2020 846 2114 ὁμοιότησι
861 2027 911 2092 M:
939 2025 1094 2093 έπίσεται
1109 2029 1146 2093 R.
1195 2029 1272 2112 Syl-

132 2128 266 2212 burgius
295 2135 328 2193 et
356 2129 508 2194 Reiskius
538 2149 609 2194 cum
638 2149 696 2214 pro
725 2130 883 2214 corruptis
913 2125 972 2195 οὐκ
1004 2129 1159 2195 έπίσεται
1192 2131 1273 2196 seri-

132 2228 271 2296 bendum
302 2237 517 2315 proponerent
546 2231 598 2312 hic
628 2225 741 2297 οάκέτι
766 2229 1001 2318 παισθήσεται
1029 2233 1080 2299 vel
1111 2227 1171 2298 οὐκ
1195 2231 1272 2298 έπι-

132 2337 302 2414 πείσεται,
332 2333 389 2400 ille
420 2326 480 2398 οἰκ
511 2331 688 2400 ἀποίσεται
715 2335 768 2400 vel
798 2327 858 2400 or'm
885 2329 1160 2422 άπατηθήσεται,
1194 2355 1270 2402 scu-

130 2437 263 2502 tentiam
301 2437 431 2519 quidem
467 2437 639 2521 genuinam
677 2437 823 2504 adsecuti
864 2445 960 2522 sunt,
1003 2439 1076 2523 ipsa
1111 2440 1270 2506 voeabula

130 2539 319 2624 displieeut3
351 2559 457 2622 neque
478 2541 611 2606 verbum
634 2540 719 2624 quod
748 2547 780 2607 et
802 2541 981 2608 sententiae
1011 2548 1043 2607 et
1065 2541 1270 2608 Ambrosiam

129 2643 266 2708 lacunae
299 2649 411 2727 aptum
444 2650 546 2724 esset,
583 2642 729 2709 iuvenire
761 2643 841 2709 mibi
871 2643 1014 2738 contigi-r.
1070 2641 1270 2728 Impediendi

128 2753 236 2812 autem
267 2746 429 2812 notionem
464 2745 641 2812 desiderari
677 2746 877 2830 praecedens
906 2747 1097 2813 vocabulum
1131 2758 1271 2828 ταχεῖαν

127 2849 236 2933 aliquo
260 2848 354 2914 modo
376 2848 521 2915 indicare
543 2849 689 2915 videtur:
716 2849 771 2933 qni
792 2869 856 2916 non
879 2870 977 2916 unam
998 2857 1123 2916 tantnm
1145 2851 1268 2916 formae

127 2961 235 3018 notam
266 2952 412 3038 respicit,
445 2972 528 3036 quae
557 2953 591 3018 in
621 2953 728 3019 multis
758 2953 874 3019 similis
903 2973 975 3020 esse
997 2959 1119 3039 potest,
1155 2973 1269 3020 verum

126 3055 237 3120 omnia
264 3062 322 3120 aut
354 3056 509 3140 pleraque
543 3075 583 3122 ea
615 3075 699 3138 quae
732 3057 854 3122 formae
886 3057 982 3122 alicui
1016 3056 1145 3143 propria
1177 3064 1265 3140 sunt,

125 3157 155 3224 is
179 3157 326 3224 celeriter
347 3158 648 3243 impedimentisque
670 3160 769 3226 nullis
792 3166 935 3227 retentus
956 3159 1050 3242 quasi
1072 3159 1158 3226 viam
1181 3179 1270 3226 eme-

125 3261 223 3328 tietur
245 3268 342 3346 atque
364 3262 486 3327 formae
509 3270 659 3328 naturam
682 3269 861 3346 cognoscet.
972 3335 973 3338 ,
1079 3330 1084 3335 .

213 3386 247 3450 p.
269 3369 394 3430 llldres
427 3361 598 3452 Τοιαύτην
626 3365 664 3430 δέ
693 3388 782 3453 φημι
803 3371 921 3431 πᾶσαν
944 3358 1033 3431 είναι
1054 3364 1146 3444 λέξιν
1167 3365 1269 3430 πολο-

123 3466 238 3555 τικὴν,
277 3465 314 3533 έν
345 3458 365 3552 ᾖ
396 3465 434 3532 τὸ
465 3465 644 3555 ποιητικὸν
673 3466 877 3555 ἐμφαίνεται
903 3465 1038 3545 κάλλος.
1085 3469 1267 3534 Genuinam

121 3571 296 3637 lectionem
318 3567 478 3657 τοιαύτην
496 3569 542 3656 δή
561 3595 648 3658 φημι
663 3572 752 3638 loeus
768 3570 841 3638 libri
858 3570 899 3637 de
915 3592 942 3637 e.
958 3591 989 3636 v.
1008 3591 1041 3655 p.
1056 3574 1155 3653 197ιο,
1182 3570 1268 3637 unde

121 3673 207 3738 haee
228 3671 366 3756 repetita
387 3679 471 3754 sunt,
498 3674 650 3740 servavit.

211 3795 244 3860 p.
265 3777 406 3842 lilbross
442 3769 511 3842 Οὐκ
546 3770 588 3842 ἀν
621 3773 848 3860 θαυμάσειεν,
893 3775 924 3842 εί
960 3776 1102 3862 φροντίς
1138 3773 1267 3860 ἐγίνετο

124 3881 150 3959 (ι
173 3897 253 3944 corr.
273 3895 300 3944 s.
318 3881 344 3960 e)
371 3880 591 3964 Δημοσθένει
614 3877 664 3944 δτι
685 3879 796 3962 μελῶν
817 3879 876 3943 καί
892 3877 1035 3964 ῥυθμῶν
1056 3879 1114 3942 καὶ
1135 3875 1266 3965 σχημά-

119 4003 193 4046 των
221 3979 278 4044 καί
306 3986 374 4047 τῶν
402 3975 514 4046 ἀλλων
543 3978 697 4063 πάντων,
732 3977 784 4058 οίς
814 3975 910 4068 ἡδεῖα
938 3980 996 4046 καί
1024 3979 1108 4068 καλὴ
1138 3986 1268 4067 γίνεται

120 4081 289 4160 σύνθεσις
303 4083 346 4148 Μ.
387 4085 581 4151 Particulam
605 4083 655 4150 έτι
670 4085 822 4151 Reiskius
837 4105 895 4152 suo
910 4084 980 4151 iure
995 4085 1127 4160 delerit.
1164 4087 1265 4152 Prae-

118 4195 215 4254 terea
243 4207 301 4271 pro
333 4184 460 4271 ἐγίνετο
483 4188 624 4255 seribere
646 4188 755 4254 malim
780 4187 923 4274 ἐγένετο,
956 4207 1027 4254 eum
1058 4189 1165 4274 priore
1186 4190 1266 4254 Am-

116 4289 266 4358 brosiani
295 4289 432 4357 lectione
455 4290 571 4358 duetus
593 4300 660 4358 tum
683 4292 752 4360 loco
774 4292 847 4358 libri
870 4291 911 4357 de
933 4312 967 4358 e.
980 4310 1009 4357 v.
1036 4313 1069 4377 p.
1089 4295 1191 4376 idias,
1224 4312 1265 4358 er

1027 4414 1057 4464 lb
