3304 4928
613 470 657 480 -
702 432 799 515 [211]
846 471 889 480 -
1283 431 1327 497 οι

266 625 409 710 Iongm
441 630 549 691 autem
580 632 629 691 est
655 627 739 692 inter
766 625 964 692 uoluntarias
992 625 1110 692 Suidae
1137 629 1338 693 mutationes

178 752 378 808 enumerare,
404 733 461 797 ubi
489 733 613 800 omissis
641 731 800 798 nonnullis
824 733 946 800 uoculis
974 733 1173 798 decurlatmn
1200 755 1328 799 uersum

177 838 211 901 in
244 838 378 903 schedas
415 861 489 905 suas
520 841 676 924 receperit
686 841 726 926 ¹):
763 841 939 905 luculenter
971 845 1075 906 tamen
1109 839 1240 906 suidam
1271 861 1328 906 suo

177 944 280 1010 Marte
298 951 473 1012 mutantem
493 946 713 1030 deprehendas
732 948 764 1012 in
783 969 810 1014 v.
828 947 913 1012 1092
933 936 1028 1024 ὅπως
1045 938 1089 1033 μὴ
1108 967 1147 1011 ex
1166 937 1260 1024 ὅπως
1278 938 1328 1012 οὗ.

268 1158 458 1242 Saepissime
481 1181 558 1225 uero
581 1160 731 1244 glossae
755 1160 1028 1226 interlineares
1051 1159 1103 1224 uel
1121 1181 1142 1224 a
1159 1157 1259 1224 Suida
1276 1160 1326 1225 uel

177 1287 197 1329 a
221 1265 352 1330 librario
380 1267 448 1331 eius
472 1287 535 1350 quo
558 1265 674 1332 Suidae
698 1289 772 1362 usus
795 1274 844 1333 est
857 1266 983 1336 codicis
1006 1288 1063 1350 pro
1086 1267 1232 1348 genuinis
1256 1266 1328 1330 Ari-

177 1370 342 1455 stophauis
364 1373 472 1438 uerbis
495 1374 674 1457 descriptae
697 1381 780 1452 sunt,
801 1374 902 1440 ueluti
926 1375 959 1438 iu

266 1500 313 1542 vv.
335 1478 515 1544 452-454
818 1471 990 1563 γνώσεσθ’

361 1575 414 1650 ὅτι
437 1588 495 1652 καὶ
516 1579 601 1672 παρ’
624 1578 702 1674 ἡμῖν
726 1585 788 1652 εἰσι
812 1583 906 1672 λόχοι
930 1583 962 1652 δ’

359 1695 511 1778 μαχέμων
536 1685 672 1778 ἀνδρῶν
696 1689 796 1758 ένόον
820 1688 1080 1777 ἐξωπλισμένων
1320 1767 1323 1774 ,

177 1820 240 1862 uox
268 1788 404 1882 ἀνδρῶν
432 1821 490 1884 pro
513 1807 685 1884 γυναικῶν
708 1799 842 1865 (ἰσοθέου
865 1799 998 1877 scholio,
1025 1801 1109 1864 unde
1132 1799 1247 1866 Suidae
1270 1802 1327 1866 hos

178 1926 289 1970 uersus
311 1905 496 1990 desumpsit,
518 1907 560 1972 ad
584 1905 720 1972 Acharn.
746 1907 844 1971 1073:
876 1899 979 1976 Ἔνιοι
1001 1906 1063 1992 μέν
1081 1899 1121 1971 τὸ
1141 1905 1177 1988 ἐξ
1193 1899 1328 1990 ἀνδρῶν

178 2001 270 2075 ἀκταὶ
299 2006 462 2098 σύστημα,
490 2010 523 2078 οἱ
551 2013 587 2078 δὲ
616 2005 655 2078 τὸ
685 2013 720 2094 ἐξ
743 2004 879 2098 ἀνδρῶν
904 2009 1046 2092 δώδεκα,
1074 2010 1107 2079 ol
1136 2012 1171 2077 dl
1195 2005 1234 2078 τὸ
1259 2005 1327 2078 ἀπὸ

179 2111 355 2182 ἑκκαίδεκα
388 2111 524 2203 ἀνδρῶν
556 2124 689 2207 πλῆθος
838 2110 884 2196 ὡς
908 2111 1054 2204 ἀλλαχοῦ
1078 2111 1327 2204 Ἀριστοφάνης·

177 2215 348 2308 γνώσεσθ’
372 2215 425 2290 ὅτι
447 2231 518 2292 κτλ.

175 2411 188 2440 0
269 2329 374 2413 Atque
397 2333 431 2396 in
454 2355 500 2396 vv.
525 2334 589 2398 896
615 2333 678 2398 897

267 2438 540 2526 Διαφορουμένης
562 2445 620 2526 τῆς
644 2435 768 2525 κρόκης
792 2429 859 2503 ὑπὸ
883 2445 954 2503 τῶν
978 2429 1227 2524 ἀλεκτρυόνων,

179 2545 232 2627 qui
256 2567 366 2610 uelsus
389 2546 421 2609 in
445 2545 606 2611 codicibus
629 2545 854 2630 Aristophanis
876 2546 921 2610 sic
944 2545 1106 2629 leguntur:

362 2661 477 2754 ὀλίγον
499 2670 589 2754 μέλιι
614 2689 667 2736 σοι
690 2677 749 2758 τῆς
771 2665 897 2756 κρόκης
920 2668 1131 2754 φορουμένης

361 2767 428 2840 ὑπὸ
451 2783 523 2840 τῶν
546 2768 801 2862 ἀλεκτρυόνωυ;

178 2921 242 2964 uox
270 2899 536 2988 διαφορουμένης
565 2904 881 2984 interpretamentum
909 2922 976 2968 esse
1008 2901 1212 2965 interlineare
1243 2900 1329 2964 uocis

179 3006 390 3091 φορουμένης
414 3008 506 3074 docet
528 3008 684 3074 scholium
704 3008 753 3072 Rn
782 3015 841 3094 τῆς
863 3004 987 3093 κρόκης
1010 3006 1232 3094 φορουμένης·
1258 3008 1328 3071 δια-

180 3113 401 3199 φορουμένης,
425 3113 667 3199 όιασπωμένης,
690 3135 754 3196 qua
776 3136 815 3180 ex
835 3115 1045 3198 explicatione
1064 3113 1328 3196 interpretamen-

179 3223 246 3282 tum
271 3217 504 3303 διασπωμένης
526 3219 641 3284 Suidas
664 3222 731 3304 ipse
754 3221 787 3286 ia
810 3221 1016 3286 adnotatione
1038 3221 1179 3284 retinuit.

267 3323 349 3388 Item
371 3324 406 3388 in
428 3346 454 3390 v.
482 3325 581 3390 1082:

460 3424 605 3518 καὶμὴν
629 3424 699 3516 ὁρῶ
722 3424 802 3508 τοὺς
825 3424 1022 3518 Ἀθηναίους

180 3536 335 3618 glossema
366 3536 569 3602 interlineare
599 3530 679 3614 τούς
712 3531 909 3624 Ἀθηναίους
939 3539 1109 3620 germinam
1140 3539 1328 3620 scripturam

179 3638 296 3719 τούςόε
320 3633 400 3719 τοὺς
423 3636 636 3726 αὐτόχθονας
658 3645 727 3709 loco
751 3647 859 3709 mouit.

268 3750 379 3832 Neque
406 3749 499 3814 aliter
526 3749 560 3813 in
587 3771 614 3815 v.
644 3751 708 3815 743
736 3749 853 3816 Suidae
884 3743 1025 3816 ἀπέλθω
1059 3771 1116 3834 pro
1142 3745 1237 3832 μόλω
1264 3738 1328 3832 ’γά

180 3857 323 3920 codicum
339 3855 642 3938 Aristophanoorum
660 3857 764 3941 glossa
782 3864 831 3922 est
850 3857 1071 3931 interlinearis,
1090 3857 1148 3920 etsi
1166 3853 1328 3920 Bentleius

181 3953 246 4043 έχώ
269 3963 381 4027 inutile
405 3983 472 4028 esse
495 3971 585 4027 ratus
608 3954 665 4028 neo
688 3963 807 4028 habere
830 3965 881 4028 cui
904 3969 1126 4047 opponeretur,
1150 3983 1187 4025 ex
1211 3960 1329 4026 Suidae

180 4069 323 4132 codicum
342 4069 379 4132 Vi
403 4074 436 4133 et
454 4070 562 4144 Oxou,
586 4071 640 4152 qui
665 4069 797 4156 ἀπέλθη
819 4069 983 4152 praebent,
1005 4069 1158 4134 memoria
1176 4057 1329 4145 ἀπέλθω,

181 4175 264 4255 quod
291 4195 326 4238 re
358 4195 436 4239 uera
465 4175 588 4240 codices
617 4175 726 4240 ACBE
754 4182 897 4252 tuentur,
927 4175 958 4240 h.
982 4177 1001 4243 l.
1030 4174 1230 4240 scribendum
1262 4195 1329 4239 esse
1431 4221 1437 4230 ,

180 4279 309 4344 monuit.

255 4476 272 4537 ¹)
291 4473 377 4527 ueluti
394 4491 416 4527 v.
431 4473 462 4528 14
474 4472 566 4527 omisit
579 4469 805 4545 βουλομέναισιν,
821 4477 856 4531 56
870 4465 893 4528 «t
908 4472 980 4542 μέλ’,
995 4477 1048 4530 899
1059 4469 1167 4544 χρόνον
1181 4479 1327 4529 τοσοῦτον.

1131 4564 1168 4618 5*
