3258 4928
577 418 620 431 -
668 383 753 467 1183]
799 419 843 430 -
1219 382 1279 445 1911

150 577 253 640 iiius
282 580 415 660 χρῶμαι
436 571 688 659 παραδείγματι
711 569 747 653 ἐξ
770 563 879 638 αὐτῶν
901 567 966 635 ἑνί·
993 562 1118 656 οὐγὰρ
1142 567 1282 656 ἐγχωρεῖ

148 679 291 743 πλείοσι.

232 817 392 901 ρ.6131εε
429 813 515 880 Τοτὲ
548 813 584 879 δέ
618 808 974 899 προκατασκευάζεταί
1005 835 1081 876 τινα
1115 807 1183 897 πρὸ
1217 816 1283 875 τῶν

152 917 335 1006 διηγήσεων
358 915 542 1004 πράγματα
564 918 622 981 καί
643 913 880 1002 προλαμβάνει
901 911 943 978 τά
960 914 1136 997 μέλλοντα,
1163 935 1283 980 πιστο-

152 1028 249 1108 τέρας
273 1016 377 1098 αὐτάς
400 1018 420 1108 ἢ
441 1013 517 1086 κατ’
536 1015 617 1085 ἀλλο
647 1043 681 1084 τι
701 1021 955 1106 χρησιμωτέρας
985 1014 1142 1104 ποιήσειν
1171 1013 1283 1099 οἰόμε-

151 1149 219 1202 νος.
267 1125 339 1191 Non
361 1121 403 1188 τὰ
426 1124 592 1207 μέλλοντα
620 1122 798 1209 praemittit
817 1123 942 1206 Ιεαεοε,
975 1121 1033 1188 sed
1055 1117 1097 1184 τά
1117 1121 1283 1203 μέλλοντα

150 1233 352 1314 πιστοτέρας
375 1220 480 1304 αὐτάς
506 1277 512 1291 .
535 1277 541 1290 .
564 1278 571 1291 .
597 1223 763 1313 ποιήσειν,
789 1225 938 1308 idemque
960 1224 1142 1310 exemplum
1164 1244 1185 1290 a
1206 1224 1286 1290 Dio-

151 1333 243 1418 nysio
264 1334 424 1419 prolatum
445 1332 570 1417 probat.
618 1332 858 1417 Supervacuum
887 1330 1056 1413 igiturest
1079 1330 1284 1414 spuriumque

150 1437 280 1503 verbum
304 1433 469 1519 οἰόμενος,
507 1433 593 1518 quod
616 1455 636 1501 ε
658 1435 776 1501 lectore
798 1431 955 1522 ποιήσειν
977 1454 996 1500 ε
1018 1453 1098 1500 voco
1119 1435 1285 1516 μέλλοντα

149 1539 288 1626 pendere
309 1540 477 1624 ignorante
499 1546 619 1605 temere
641 1537 785 1606 additum
809 1545 869 1605 est.

239 1699 272 1764 p.
292 1680 413 1743 61311εε
436 1682 559 1764 Διττής
583 1675 618 1742 δὲ
635 1683 693 1764 τής
709 1663 992 1764 ἀμφισβητήσεως
1007 1669 1284 1764 ὑπαρχούσης...

150 1805 182 1868 p.
202 1787 279 1848 6141
310 1788 447 1866 πρῶτον
475 1774 627 1858 ἀποδοὺς
656 1775 717 1846 τὸν
744 1774 832 1868 ὑπὲρ
862 1787 928 1846 τῶν
956 1775 1072 1863 νόμων
1100 1777 1202 1866 λόγον
1231 1779 1287 1845 καὶ

151 1893 256 1951 ταῦτα
280 1880 465 1965 ἀποδείξας
487 1883 524 1950 τὸ
548 1889 660 1970 μέρος,
696 1878 739 1962 ὡς
762 1877 802 1950 οδ
826 1883 877 1950 δεῖ
899 1881 959 1950 τὸν
981 1881 1135 1949 ἐπίδικον
1156 1895 1289 1969 κρατεῖ-

151 1994 238 2055 σθαι
259 1989 382 2076 κλῆρον
412 1986 480 2073 πρὸ
505 1987 614 2075 δίκης,
650 1982 757 2064 οὕτως
780 1986 839 2053 ἐπὶ
868 1984 929 2074 τήν
959 1984 1112 2074 διήγησιν
1141 1985 1284 2072 ἔρχεται.

151 2093 258 2158 Verba
280 2099 429 2175 corrupta
451 2091 508 2154 καί
530 2097 636 2157 ταῦτα
661 2083 845 2168 ἀποδείξας
867 2085 905 2154 τὸ
928 2094 1031 2174 μέρος
1053 2088 1215 2174 Sauppius
1238 2108 1295 2154 0r.·

151 2193 445 2278 Att.11p.229·2³
475 2193 521 2258 ita
550 2191 750 2260 emendavit:
790 2190 876 2256 κατὰ
906 2198 1005 2257 τοῦτο
1037 2184 1220 2270 ἀποδείξας
1250 2187 1287 2255 τὸ

151 2303 264 2382 μέρος.
312 2297 421 2362 Malim
444 2302 569 2370 tamen,
603 2296 679 2379 quia
709 2303 741 2362 εί
769 2295 940 2380 participia
964 2288 1115 2371 ἀποδούς
1145 2302 1178 2360 et
1201 2287 1289 2358 ἀπο-

153 2401 265 2480 δείξας
293 2407 405 2485 aperte
434 2399 526 2464 iuxta
554 2399 660 2484 posita
689 2405 780 2478 sunt,
819 2417 924 2482 neque
953 2403 1127 2478 structura,
1161 2397 1290 2480 qualem

155 2502 317 2588 Sauppius
339 2502 418 2584 vult,
454 2522 494 2568 ex
517 2501 665 2587 Dionysii
688 2521 775 2569 more
797 2508 856 2580 est,
889 2501 936 2566 ita
957 2500 1056 2566 verba
1079 2500 1286 2566 constituere:

155 2601 306 2683 ἀποδοὺς
331 2604 390 2671 τὸν
407 2599 492 2690 ὑπὲρ
509 2612 575 2671 τῶν
589 2602 705 2688 νόμων
727 2602 829 2689 λόγον
843 2604 899 2670 καὶ
916 2599 1071 2691 (κατὰ)
1089 2595 1182 2668 τοῦτ’
1202 2596 1290 2666 ἀπο-

154 2709 266 2788 δείξας
289 2708 326 2773 τὸ
351 2713 453 2794 μέρος
476 2710 546 2773 κτλ.
594 2708 742 2775 Ceterum
764 2708 881 2775 locutio
904 2703 990 2772 κατὰ
1012 2713 1112 2773 τοῦτο
1135 2703 1172 2771 τά
1188 2709 1290 2792 μέρος

154 2814 287 2898 saepius
315 2812 403 2898 apud
433 2813 624 2898 Dionysium
655 2813 807 2889 occurrit;
848 2811 888 2878 of.
915 2832 949 2896 p.
970 2813 1044 2877 118⁵
1076 2804 1135 2876 οὐκ
1166 2804 1208 2875 ἀν
1240 2832 1291 2886 τις

156 2911 259 2982 αὐτὸν
282 2913 354 2996 έχοι
382 2912 469 2978 κατὰ
491 2921 590 2981 τοῦτο
619 2918 835 2998 μέμψασθαι.
850 2910 887 2978 τὸ
911 2918 1024 2999 μέρος.
1075 2917 1163 2978 13411
1187 2906 1228 2979 οὐ
1250 2909 1289 2999 δή

156 3014 369 3100 ἀποδέχομαι
391 3015 452 3106 τήν
474 3016 605 3104 αἵρεσιν
628 3015 758 3106 ἐκείνην
779 3014 866 3082 κατά
888 3023 987 3082 τοῦτο
1004 3014 1041 3081 τὸ
1058 3021 1171 3102 μέρος.
1215 3019 1289 3079 1711

155 3121 243 3188 έοικε
277 3118 363 3186 κατὰ
392 3128 491 3187 τοῦτο
521 3118 559 3186 τὸ
593 3126 695 3208 μέρος
725 3115 891 3208 εὐητρίοις
920 3113 1037 3206 ὑφαῖς.
1085 3125 1177 3184 45411
1206 3115 1292 3183 κατὰ

156 3232 256 3291 τοῦτο
278 3224 341 3308 μὲν
364 3222 402 3312 δή
427 3221 463 3289 τὸ
484 3228 587 3310 μέρος
611 3273 618 3288 .
641 3273 647 3287 .
670 3275 677 3288 .
704 3218 822 3300 οὐθείς
843 3230 909 3290 τῶν
924 3226 1215 3307 μεταγενεστέρων
1230 3215 1291 3286 αὐ-

160 3326 221 3395 τὸν
242 3322 484 3414 ὑπερεβάλετο.
532 3331 608 3392 7571
638 3320 713 3393 οὐδ’
740 3323 782 3393 ἀν
808 3349 859 3403 τις
887 3325 960 3409 έχοι
985 3319 1061 3390 κατ’
1087 3317 1169 3390 αὐτὸ
1192 3329 1291 3389 τοῦτο

156 3435 367 3517 μέμψασθαί
398 3454 440 3513 με
473 3429 511 3496 τὸ
539 3435 653 3515 μέρος.
711 3433 807 3496 10061
837 3424 877 3496 οά
905 3426 972 3516 μήν
1000 3429 1111 3493 τελεία
1140 3449 1177 3512 γε
1206 3423 1293 3491 κατὰ

157 3541 257 3600 τοῦτο
281 3531 318 3599 τὸ
342 3537 453 3619 μέρος.
503 3536 579 3599 7531
602 3527 687 3599 καθ’
707 3531 724 3598 ὃ
747 3537 849 3621 μέρος
879 3527 998 3620 ήττους
1029 3530 1060 3596 ολ
1083 3527 1212 3596 τούτων
1234 3526 1292 3595 λά-

157 3631 213 3724 γοιΙ
234 3637 299 3704 εἰσί
320 3645 386 3703 τῶν
409 3636 548 3703 ἐκείνου.

245 3798 276 3863 p.
297 3779 419 3842 filiiiss
442 3773 581 3852 Πολλὰς
604 3769 637 3841 δ’
657 3769 699 3842 ἀν
721 3774 832 3858 έχοιμι
853 3775 911 3839 καί
931 3769 1035 3850 ἀλλος
1050 3775 1295 3858 παρασχέσθαι

157 3875 326 3966 διηγήσεις
349 3875 437 3963 πρὸς
466 3875 504 3943 τὸ
530 3883 706 3965 συμφέρον
729 3872 988 3964 ᾠκονομημένας
1010 3868 1078 3941 ὑπὸ
1109 3880 1170 3940 τοῦ
1195 3871 1294 3962 ῥήτο-

157 4007 217 4070 ρος
241 3993 543 4070 προκατασκευαῖς,
568 3993 755 4068 μερισμοῖς,
781 3985 916 4068 χωρίων
936 3974 1109 4065 ἀλλαγαῖς,
1135 3975 1296 4063 πραγμά-

157 4112 226 4153 των
247 4095 468 4171 μεταγωγαῖς,
495 4092 542 4171 τῷ
557 4083 598 4150 τά
614 4083 785 4172 κεφάλαια
802 4077 1053 4171 ἀνεστράφθαι,
1079 4088 1126 4168 τῷ
1147 4079 1192 4169 μή
1209 4078 1295 4146 κατά
1356 4127 1360 4136 ·

159 4189 238 4268 τοὺς
260 4187 403 4276 χρόνους
426 4185 467 4253 τά
490 4192 693 4274 πραχθέντα
711 4187 880 4275 εἰρῆσθαι,
907 4193 954 4272 τῷ
969 4179 1012 4264 ὡς
1034 4183 1078 4274 μή
1095 4183 1209 4252 πάντα
1231 4211 1296 4273 μη-

159 4295 274 4377 δαμῶς
297 4291 402 4382 φύσιν
424 4286 493 4375 εἶχε
517 4297 718 4379 πραχθῆναι
738 4285 820 4380 μηδ’
846 4284 889 4367 ὡς
913 4285 955 4356 ἀν
978 4287 1110 4377 ἰδιώτης
1133 4313 1183 4366 τις
1203 4288 1296 4356 ε’ίποι
