3280 4934
595 411 637 419 -
684 375 780 456 [107]
827 413 866 422 -
1266 385 1299 450 11

165 569 255 650 ginta
286 566 344 630 viri
377 566 630 644 instituerentur,
663 567 981 636 Lacedaemoniorum
1013 575 1201 641 auctoritato
1233 599 1305 661 per-

167 673 286 737 fecisse.

257 777 354 860 Atqui
377 778 454 842 haec
476 782 530 860 qui
553 783 757 858 mutandum,
780 804 833 848 eos
851 787 978 850 omnino
1002 787 1149 852 recedere
1172 809 1192 852 a
1215 787 1307 872 Lysia

168 883 384 968 comprobabo.
435 885 574 950 Primum
602 889 685 950 enim
714 909 763 952 res
790 889 836 954 ita
858 892 1051 956 ordinandas
1079 914 1145 958 esse
1173 903 1308 974 censent,

168 998 205 1056 ut
232 993 316 1076 pacis
344 994 407 1056 iam
434 993 598 1057 conclusae
626 994 861 1062 condicionibus
887 997 1088 1082 perficiendis
1114 1000 1174 1064 riri
1207 1023 1308 1084 popu-

169 1100 249 1163 lares
282 1097 465 1163 restiterint.
521 1099 670 1164 Attamen
704 1101 754 1164 vix
786 1103 936 1170 credibile
970 1104 1108 1182 videtur,
1144 1128 1215 1170 cum
1247 1109 1309 1172 iam

168 1205 301 1289 Spartae
338 1205 443 1270 contio
479 1205 796 1271 Lacedaemoniorum
833 1211 1051 1294 sociorumque
1087 1211 1211 1290 suisset,
1248 1235 1310 1298 qua

167 1312 309 1378 Thebani
329 1313 470 1376 Athenas
494 1312 643 1377 delendas
666 1333 734 1377 esse
753 1323 953 1394 censuerant,
975 1317 1232 1384 Lacedaemoniis
1255 1341 1309 1386 au-

167 1430 230 1485 tem
261 1419 483 1484 resistentibus
515 1420 623 1485 mitior
654 1441 716 1502 pax
748 1421 825 1485 data
856 1428 925 1487 erat
953 1423 1210 1502 Atheniensibus,
1242 1431 1310 1492 tum

167 1527 431 1593 Lacedaemonios
459 1547 555 1590 novas
579 1548 693 1610 easque
720 1529 866 1593 meliores
893 1532 980 1613 pacis
1008 1531 1207 1598 condiciones
1235 1555 1309 1598 eon-

170 1655 311 1700 cessuros
334 1633 438 1698 fuisse.
483 1633 593 1718 Neque
617 1634 711 1698 duces
739 1635 797 1717 ipsi
821 1635 884 1700 tale
907 1637 984 1721 quid
1012 1659 1137 1720 sperare
1164 1645 1312 1722 poterant

169 1763 227 1808 nec
244 1731 354 1826 Lysias
378 1761 440 1818 eos,
462 1741 524 1805 nisi
548 1747 643 1805 antea
664 1741 830 1822 perissent,
852 1743 1014 1807 meliorem
1037 1767 1146 1826 pacem
1164 1751 1310 1812 nacturos

166 1849 263 1914 l'uisse
285 1855 341 1913 aut
365 1848 425 1913 sibi
448 1851 505 1912 aut
527 1847 598 1911 aliis
621 1848 811 1931 persuadere
838 1853 965 1931 poterat
988 1849 1090 1934 (Xlll,
1116 1852 1180 1936 16).
1227 1852 1310 1918 Ren-

167 1977 261 2021 nerus
289 1956 417 2038 quidem
445 1953 488 2039 (p.
515 1955 570 2041 17)
598 1955 694 2018 etiam
725 1961 791 2018 tum
820 1954 953 2020 fortasse
984 1955 1054 2020 illos
1086 1957 1157 2021 urbi
1189 1961 1311 2041 patriae

166 2064 277 2128 melius
305 2062 457 2147 quiddam
483 2061 607 2143 assequi
640 2062 781 2143 potuisse
809 2067 914 2126 censet
945 2083 1095 2145 suamque
1124 2067 1312 2132 sententiam

166 2171 217 2235 his
235 2170 340 2235 verbis
358 2166 562 2252 comprobare
581 2175 725 2232 conatur:
743 2168 1007 2244 „Atheniensibus
1024 2174 1062 2232 ut
1080 2191 1176 2252 supra
1194 2172 1312 2238 dietum

165 2278 353 2361 permissum
372 2282 450 2352 erat,
471 2283 508 2338 ut
530 2275 617 2358 pacis
637 2275 832 2340 conditiones
851 2281 1104 2358 exsequerentur.
1141 2276 1208 2340 lam
1231 2280 1312 2362 opti-

165 2391 276 2460 mates,
303 2382 418 2465 quibus
441 2381 540 2446 multo
563 2381 676 2465 majori
704 2403 797 2447 curae
826 2401 918 2466 quam
942 2381 1104 2465 Lysandro
1132 2383 1193 2466 ipsi
1216 2382 1313 2450 fuisse

165 2498 202 2556 ut
234 2489 320 2574 pacis
352 2481 549 2553 conditiones
576 2487 796 2554 acerbissimae
828 2488 1055 2573 perficerentur
1083 2495 1115 2553 et
1147 2490 1313 2573 imperium

165 2597 319 2682 populare
342 2601 544 2671 everteretur,
569 2594 698 2660 Grotius
721 2602 806 2660 reete
834 2596 998 2672 intellexit,
1025 2595 1162 2680 primum
1186 2597 1313 2681 quidem

166 2705 309 2770 homines
337 2703 408 2768 illos
435 2703 604 2785 populares
632 2723 649 2766 e
676 2703 781 2767 medio
805 2704 1000 2768 sustulerunt
1027 2724 1065 2767 ac
1090 2709 1158 2767 tum
1186 2705 1313 2786 quidem

166 2809 377 2895 Lysandriun,
406 2815 441 2872 ut
464 2808 594 2874 consilia
621 2831 680 2874 sua
702 2809 880 2892 adjuraret,
907 2832 927 2873 a
954 2809 1047 2874 Samo
1075 2811 1312 2877 arcessiverunt.

167 2917 290 2998 Quibus
318 2916 524 2980 suadentibus
552 2923 584 2981 et
616 2917 649 2979 in
678 2917 823 2980 omnibus
855 2916 949 2981 rebus
981 2936 1099 2980 morem
1132 2916 1313 3000 gerentibus

166 3048 237 3090 eum
266 3023 465 3088 audaciorem
493 3028 525 3086 et
551 3023 592 3087 ad
619 3021 811 3106 perficienda
836 3044 978 3107 quaeque
1005 3023 1241 3106 propensiorem
1265 3024 1327 3110 fa,

167 3139 254 3198 ctum
274 3151 342 3195 esse
365 3130 436 3212 quis
458 3131 572 3212 neget?
609 3129 779 3194 Praeterea
801 3137 907 3194 autem
930 3129 1163 3194 meminerimus
1181 3129 1315 3195 discidia

167 3239 233 3316 illa,
260 3257 342 3321 quae
365 3243 477 3321 postea
499 3231 582 3301 inter
606 3235 926 3301 Lacedaemoniorum
948 3258 1038 3319 reges
1062 3243 1095 3300 et
1117 3236 1313 3320 Lysandrum

167 3353 200 3411 et
223 3343 382 3410 derebus
405 3343 539 3408 internis
563 3349 594 3408 et
617 3343 657 3408 de
677 3343 923 3408 Atheniensibus
946 3345 1136 3408 exstiterrmt
1156 3342 1221 3425 jam
1246 3349 1312 3406 tum
1340 3347 1345 3358 '

167 3453 296 3518 initium
323 3450 442 3532 cepisse
470 3449 571 3514 rideri
595 3449 648 3534 (cl.
674 3449 755 3515 Plut.
780 3450 850 3534 Lys.
874 3474 899 3514 o
924 3449 1022 3536 xlv).
1073 3449 1106 3514 Si
1135 3449 1232 3532 igitur
1259 3470 1312 3513 ac-

168 3561 330 3644 cipiamus,
358 3557 454 3621 duces
481 3555 553 3622 illos
581 3563 689 3640 captos
716 3577 780 3622 non
804 3577 880 3634 esse,
906 3557 1002 3620 immo
1026 3557 1224 3629 auctoritate,
1251 3577 1314 3638 qua

167 3665 364 3740 fruebantur,
391 3683 465 3728 usos
492 3662 681 3745 optimatum
709 3664 841 3728 consilia
868 3685 925 3747 per
952 3663 1081 3745 aliquod
1109 3669 1232 3744 tempus
1260 3682 1313 3725 co—

168 3774 304 3838 ercuisse
333 3792 370 3836 ac
396 3763 507 3853 pos'tea
534 3768 668 3835 fortasse
696 3792 764 3836 oum
793 3770 1020 3854 Spartanorum
1049 3767 1176 3850 regibus
1204 3769 1314 3850 egisse,

168 3901 271 3947 nonne
298 3877 398 3942 multa
425 3897 553 3960 prorsus
581 3877 675 3941 aliter
699 3879 831 3944 evadere
859 3878 999 3961 potuisse
1027 3875 1177 3959 apparet?
1209 3895 1313 3939 nonne

168 4010 207 4053 ea
233 3987 366 4060 ratione,
393 4004 455 4068 qua
483 3983 628 4048 omnibus
656 3983 722 4050 fere
749 3984 944 4069 temporibus
973 3983 1132 4049 interdum
1154 3981 1314 4057 acciderit,

169 4101 205 4160 ut
237 4113 287 4171 ea,
319 4113 401 4176 quae
432 4090 516 4155 inter
547 4099 654 4174 partes
683 4098 906 4168 convenerant,
937 4112 1000 4156 nou
1032 4091 1137 4155 omnia
1168 4095 1314 4155 accurate

169 4199 410 4275 conficerentur,
438 4199 535 4263 etiam
563 4197 624 4263 hac
650 4198 684 4262 in
710 4221 746 4264 re
772 4199 865 4266 facile
891 4197 961 4264 fieri
987 4197 1128 4282 potuit?“
1174 4195 1237 4262 Sed
1264 4195 1314 4261 his

169 4307 273 4373 verbis
291 4306 418 4371 minime
441 4305 519 4369 mihi
542 4306 761 4388 persuadetur,
787 4329 840 4373 eos
859 4326 967 4391 pacem
985 4306 1147 4371 meliorem
1165 4309 1313 4370 nacturos

169 4413 274 4493 fuisse,
297 4414 482 4499 praesertim
501 4433 571 4478 cum
590 4412 673 4496 apud
693 4413 896 4482 Plutarchum
916 4413 996 4480 nihil
1018 4413 1207 4490 inveniatur,
1230 4412 1315 4499 quod
