3280 4934
579 367 636 490 -Ι
670 441 765 525 [157]
813 479 855 490 -
956 461 961 471 -
1248 443 1289 508 13

234 635 353 718 Vespas
376 655 460 712 uero,
483 635 572 700 onius
594 635 721 702 fabulae
743 638 945 702 nouissimam
969 637 1140 702 editionem
1163 638 1291 721 parauit

146 741 181 804 R,
204 741 239 805 B.
263 741 411 824 Hirschig
438 743 589 807 adiuncta
611 763 694 808 noua
716 743 830 809 Veneti
853 744 1021 809 collatione
1045 743 1228 820 Cobetiana,
1252 765 1290 809 ne

146 848 220 913 huic
251 849 428 930 quaestioni
461 848 650 927 subicetem,
681 857 870 915 monuerunt
901 873 951 916 me
984 850 1145 936 Velseni¹)
1177 849 1289 916 uerba:

148 955 254 1034 „dete
276 955 385 1036 finden
408 955 473 1020 sich
497 957 544 1020 bei
567 955 716 1039 Hirschs'q
740 955 790 1020 die
815 956 1117 1038 annectentem
1144 957 1291 1040 capanea

148 1083 188 1127 aa
211 1061 242 1127 R
265 1063 466 1128 secandam
484 1063 747 1128 Invernc'atum
765 1063 833 1126 aad
851 1065 1049 1128 secundum
1068 1063 1289 1142 Eshthemoa,

148 1149 216 1234 and
237 1189 278 1234 sn
303 1169 334 1235 V
352 1169 554 1234 secundnm
577 1169 784 1234 Betheram
806 1169 875 1233 and
892 1170 1088 1234 secundam
1109 1169 1289 1236 Cebetem.

154 1275 253 1343 Wenn
280 1277 365 1342 dosa
392 1275 470 1341 noch
498 1278 549 1340 ein
578 1275 653 1340 oder
679 1297 741 1360 par
767 1277 844 1340 swa
872 1277 1073 1342 secandam
1100 1277 1226 1357 tdmec,
1256 1297 1291 1342 so

148 1384 278 1448 werden
298 1384 483 1467 dicjmiqen,
507 1383 619 1448 welche
639 1383 705 1448 sich
722 1385 780 1448 mit
798 1384 854 1448 der
871 1381 969 1447 kriste
987 1383 1040 1447 des
1058 1385 1290 1465 Aristophanes

148 1490 303 1571 befassea,
331 1495 394 1556 erst
420 1490 505 1556 recht
531 1490 616 1556 nicht
643 1491 773 1568 wessen,
808 1509 877 1554 was
905 1491 939 1553 tn
965 1489 1026 1554 den
1052 1489 1292 1572 Mndsebrilien

148 1635 191 1646 -
236 1637 280 1646 -
303 1598 386 1662 deno
413 1597 576 1681 eipeotlieb
601 1598 658 1679 [ἄν
686 1598 823 1663 ἰοεανίοπ
850 1596 1137 1662 autumnoue
1161 1597 1291 1662 -Eae

149 1710 255 1770 antem
282 1705 478 1780 collationes,
506 1705 620 1790 quibus
647 1705 699 1771 uel
726 1703 875 1770 minimae
897 1704 1040 1770 codicum
1062 1703 1292 1788 discrepantiae

149 1813 384 1889 contineantur,
411 1833 506 1894 quam
533 1812 727 1878 necessariae
755 1816 936 1896 quantoque
962 1811 1034 1878 usui
1061 1812 1125 1876 sint
1147 1811 1187 1875 ad
1211 1813 1292 1878 tales

149 1921 349 2003 quaestiones
367 1939 438 1984 cum
456 1920 564 2002 aliquo
582 1918 687 1984 fructu
706 1919 925 1996 instituendas,
944 1920 1011 2003 ipse
1029 1918 1183 2003 perspexi,
1205 1925 1291 2002 post·

148 2047 246 2110 quam
277 2048 357 2110 quae
385 2025 537 2092 Albertus
569 2027 609 2090 de
639 2025 798 2111 Bamberg
829 2027 868 2091 ds
895 2025 1079 2091 Rauennate
1111 2031 1143 2090 et
1170 2025 1292 2092 Veneto

147 2133 370 2217 Aristophanis
394 2133 555 2199 codicibus
577 2133 704 2217 Lipsiae
725 2132 810 2198 1865
829 2134 920 2200 docte
938 2155 976 2199 ac
996 2133 1141 2198 sollerter
1158 2133 1292 2217 scripsit,

146 2240 283 2324 perlegi3
315 2241 431 2308 etenim
462 2246 512 2306 tot
543 2241 575 2306 in
604 2241 664 2306 hoc
692 2241 799 2307 libello
827 2247 994 2307 occurrunt
1021 2239 1133 2318 falsae,
1163 2243 1189 2306 si
1221 2259 1292 2306 cnm

147 2347 275 2412 Velseni
295 2346 462 2414 cellatione
481 2349 723 2432 compescueris,
744 2348 904 2423 lectiones,
927 2367 1005 2431 quas
1024 2348 1065 2412 ad
1084 2344 1291 2432 comproben-

145 2457 223 2520 dam
255 2477 344 2520 suam
376 2457 415 2520 dc
448 2456 573 2520 illorum
600 2455 743 2520 codicum
773 2457 876 2539 pretio
904 2462 937 2520 et
964 2455 1004 2520 de
1031 2454 1152 2538 origine
1180 2453 1292 2520 Veneti

145 2563 338 2627 sententiam
361 2560 530 2628 artificiose
554 2564 763 2647 excogitatam
786 2563 933 2646 protulit,
961 2567 997 2626 ut
1020 2561 1153 2626 imbrem
1176 2563 1208 2626 in
1230 2561 1291 2625 cri-

144 2671 243 2735 brum
270 2669 374 2752 legere
402 2669 478 2732 mihi
507 2669 646 2745 uiderer,
675 2671 701 2734 si
729 2669 835 2752 plures
865 2691 959 2753 quam
987 2669 1044 2733 bas
1072 2675 1138 2734 tres
1169 2666 1293 2733 fabulas

142 2777 223 2843 huie
247 2774 459 2859 disquisitioni
482 2775 664 2842 subicerem.

504 3249 702 3318 LIBER
732 3247 947 3320 PRIOR.

559 3435 695 3502 CAPVT
718 3435 892 3501 PRIMVM.

685 3599 758 3680 sn.

236 3743 345 3824 Atque
367 3745 405 3804 ut
427 3738 468 3804 ab
491 3739 696 3824 Equitibns
719 3741 835 3817 ordiar,
858 3741 975 3805 citatur
998 3739 1075 3804 haec
1097 3738 1206 3805 fabula
1228 3762 1294 3806 om·

141 3856 236 3920 nium
265 3847 462 3932 saepissime,
489 3848 567 3913 locis
589 3847 668 3924 469,
690 3868 864 3930 nereusqne
886 3869 925 3912 ex
949 3867 986 3912 ea
1009 3847 1186 3931 deprompti
1209 3848 1294 3932 apud

143 3963 281 4030 Suidnm
305 3955 453 4040 leguntur
476 3953 555 4031 507,
582 3955 710 4039 utplus
732 3955 829 4019 tertia
851 3959 941 4038 parte
965 3953 1091 4019 tabulae
1113 3954 1154 4020 ab
1178 3976 1214 4020 eo
1237 3955 1294 4020 sd·

143 4072 312 4138 seruatum
336 4063 385 4128 sit.
432 4061 500 4140 Qua
522 4062 556 4125 in
573 4061 740 4126 tractanda
763 4059 906 4125 libellum
928 4060 1059 4125 adhibui
1082 4062 1292 4128 academicum

142 4170 311 4258 Rndolphi
335 4168 482 4234 Schueei:
506 4168 545 4234 de
565 4168 786 4252 Aristophanis
805 4167 966 4234 codicibus
984 4167 1089 4253 capita
1106 4169 1170 4234 duo
1188 4169 1294 4254 (Halis

146 4285 267 4366 1876),
306 4276 395 4341 cuius
422 4275 525 4358 capite
557 4276 662 4358 priore
698 4277 730 4339 in
763 4275 945 4360 Equitibus,
981 4277 1084 4360 capite
1118 4277 1292 4370 posteriore

172 4441 220 4448 ..η-
225 4431 364 4445 --·“““·“““”

221 4517 241 4580 ¹)
260 4505 395 4574 Phiioiog¹
417 4505 508 4558 xxiv
527 4521 564 4573 pg
593 4505 650 4558 129.
