3258 4928
586 429 629 438 -
677 393 761 474 [315]
808 429 851 438 -
1224 393 1281 454 εει

149 579 207 658 τάς
222 577 335 668 ταφάς
350 585 504 664 νομίμων
519 586 617 646 τοῦτο
633 571 905 662 ὑπελάμβανενά
924 572 1007 666 άνίηρ
1023 573 1122 644 εἶναι.
1159 578 1285 645 Deinde

150 707 165 750 e
189 685 304 752 Graeci
327 684 483 752 sermonis
505 703 594 750 more
616 683 757 767 corrigas
787 683 873 766 λέγω
901 681 943 747 δὲ
966 679 1003 748 τὸ
1027 693 1190 766 παρεῖναι
1211 682 1281 746 κτλ.

149 789 291 854 Eandem
320 788 478 854 medelam
509 785 664 854 adhibeas
687 807 720 872 p.
741 789 851 852 losse
875 786 960 871 λέγω
991 782 1093 851 δὲτὸ
1125 781 1286 870 περιττὸν

149 887 235 959 εἶναι
264 896 433 980 συνθέτην
467 886 645 974 ὀνομάτων
679 887 739 956 τὸν
768 893 1009 978 Δημοσθένην.
1059 892 1168 955 1107ιι
1198 890 1285 973 λέγω

149 997 190 1062 δὲ
224 1003 290 1062 τῶν
326 1000 515 1082 κρατίστων
548 1018 584 1060 τε
617 995 674 1060 καί
711 991 936 1080 κυριωτάτων.
995 993 1046 1061 Of.
1082 994 1283 1078 Kruegerum

149 1122 180 1185 p.
200 1103 240 1166 89
263 1099 339 1166 adn.

233 1243 266 1306 p.
284 1223 410 1285 102912s
435 1211 567 1286 Οὐκοῦν
579 1213 638 1284 οὐκ
652 1213 819 1304 άνανκαία
834 1216 984 1284 Πλάτων
998 1212 1056 1305 ἥδε
1072 1211 1091 1305 ἡ
1104 1214 1285 1303 προσθήκη

148 1322 190 1387 M.
231 1321 469 1388 Nominativnm
493 1319 641 1388 Πλάτων
663 1339 759 1388 sense
782 1322 971 1388 destitutum
994 1340 1066 1387 esse
1088 1319 1285 1402 nescioquis

149 1426 231 1492 bene
254 1425 369 1506 sensit,
396 1445 469 1492 eum
492 1422 653 1491 Πλάτωνι
674 1425 720 1508 (R)
748 1425 925 1492 exhiberet.
964 1425 1007 1489 At
1029 1424 1109 1489 nihil
1131 1423 1191 1490 hae
1214 1443 1285 1488 mu-

149 1529 268 1596 tatione
296 1527 495 1614 profieimns;
531 1529 743 1614 nequeenim
767 1527 876 1613 aptius
899 1527 951 1594 hio
973 1529 1041 1593 nlla
1067 1547 1205 1613 persone
1226 1547 1286 1592 no·

149 1633 299 1698 minatur.
345 1631 416 1698 Vox
438 1630 587 1698 Πλάτων
609 1651 660 1698 me
680 1631 787 1698 indice
810 1651 828 1697 e
851 1631 996 1715 margine
1023 1630 1166 1715 irrepsit,
1191 1631 1286 1714 idque

148 1757 185 1802 eo
208 1735 325 1804 certius
347 1735 399 1816 fit,
431 1735 517 1819 qnod
545 1735 631 1802 idem
653 1735 856 1802 manifestius
878 1735 976 1801 etiam
998 1755 1031 1820 p.
1052 1739 1148 1800 10500
1172 1735 1289 1820 depre-

148 1838 309 1906 henditur.
357 1840 607 1906 Pmeeesserunt
628 1840 727 1904 verba
757 1859 775 1905 e
797 1838 975 1904 Menexeno
1002 1841 1042 1922 (p.
1063 1839 1282 1918 2460-2480',

150 1943 336 2028 desumpta;
369 1953 435 2008 turn
458 1942 539 2008 haee
561 1941 753 2026 Dionysius:
787 1935 870 2028 αὕτη
895 1941 987 2006 δοκεῖ
1008 1938 1170 2006 κάλλιστα
1201 1938 1290 2022 ἔχειν

150 2043 300 2110 Πλάτων
321 2039 340 2131 ἡ
364 2045 453 2123 λέξις
477 2043 513 2110 ἐν
535 2044 643 2128 τούτῳ
667 2051 713 2128 τῷ
736 2042 842 2128 λόγῳ,
870 2045 923 2111 ubi
946 2064 1050 2128 neque
1072 2045 1288 2109 nominativus

151 2148 224 2213 ferri
256 2153 362 2230 potest
390 2154 423 2212 et
445 2146 587 2213 dativum
615 2147 831 2232 sSylburgio
859 2146 1075 2214 introductum
1103 2149 1199 2232 plane
1229 2147 1288 2212 ab·

150 2249 282 2316 surdum
316 2269 388 2316 esse
417 2249 522 2332 quivis
556 2249 651 2316 facile
685 2251 847 2316 eoneedet.
902 2251 1043 2333 Utroque
1077 2251 1148 2316 loeo
1176 2270 1286 2316 voeem

152 2350 300 2418 Πλάτων
321 2352 568 2437 expungendam
592 2371 663 2418 esse
687 2371 814 2418 oenseo.

237 2511 271 2575 p.
293 2492 418 2555 1030oss
443 2488 482 2555 Εἰ
503 2490 540 2555 δὲ
563 2495 769 2575 χωρίσαντες
796 2497 896 2556 τοῦτο
924 2487 961 2555 τὸ
990 2491 1098 2555 κάλον
1126 2483 1196 2554 άπὸ
1225 2495 1291 2552 τῶν

152 2598 418 2680 προηγουμένων
441 2587 523 2660 αὐτὸ
546 2587 631 2658 καθ’
651 2587 732 2660 αὑτὸ
757 2592 941 2677 ἐξοίσομεν,
969 2587 1009 2660 οὐ
1031 2592 1191 2678 περίοδος
1213 2586 1291 2680 ἡμῖν

152 2696 328 2782 γενήσεται
350 2691 434 2762 καθ’
454 2694 553 2762 ἑαυτὸ
577 2695 759 2781 γενόμενον
783 2689 856 2763 οὔτ’
876 2685 962 2784 ἦθος
984 2691 1138 2784 ἢπάθος
1161 2695 1229 2776 ἕξει
1243 2693 1291 2779 μὰ

152 2803 221 2864 Δία
245 2793 314 2866 οὔτ’
342 2795 446 2887 άλλην
470 2798 584 2866 πειθὼ
605 2801 662 2866 καὶ
684 2800 784 2886 χάριν
806 2795 978 2883 οὐδεμίαν.
1026 2801 1088 2867 Pro
1110 2794 1151 2866 οὔ
1172 2804 1291 2886 περίο-

153 2903 211 2979 δος
233 2904 313 2969 ratio
333 2903 426 2970 docet
441 2905 644 2970 scribendum
661 2924 733 2971 esse
757 2900 852 2970 οὔτε
877 2904 1046 2991 περίοδος.
1087 2905 1193 2970 Verba
1209 2923 1289 2987 quae

152 3029 227 3074 mox
242 3016 418 3090 sequuntur
433 3002 515 3072 καθ’
535 3006 633 3074 ἑαυτὸ
651 3007 834 3094 γενόμενον
844 3009 1000 3095 Dionysio
1016 3008 1174 3075 abiudioo.
1207 3009 1290 3074 Nam

153 3111 349 3178 condicionis
371 3111 405 3176 in
428 3112 590 3178 enuntiato
613 3112 765 3197 primario
794 3133 858 3178 non
887 3111 1020 3178 ferenda
1047 3119 1098 3178 est
1128 3111 1288 3196 repetitio,

153 3223 250 3298 atque
273 3223 433 3281 structura
455 3213 683 3302 γενήσεται
705 3210 789 3280 καθ’
809 3212 908 3281 ἑαυτὸ
932 3213 1165 3300 γενόμενον
1186 3235 1249 3281 non
1272 3235 1292 3279 a

153 3317 291 3384 rhetoris
315 3319 427 3401 solnm,
455 3317 512 3385 red
534 3339 555 3384 a
576 3319 718 3384 cuiusvis
742 3319 905 3404 scriptoris
921 3318 1128 3403 elegantioris
1151 3318 1292 3384 dictione

154 3422 315 3488 abhorret.

240 3561 272 3624 p.
294 3545 420 3607 10312ss
446 3538 587 3617 Τοάτοις
617 3539 728 3606 ίκεῑνα
759 3540 957 3627 ἐπιτίθησιν
986 3535 1003 3606 ά
1029 3533 1123 3626 άνηρ·
1159 3539 1292 3626 ,,Λο’μῳ

154 3641 191 3706 δὲ
208 3639 247 3728 δὴ
263 3639 324 3709 τὸν
339 3641 543 3726 λειπόμενον
558 3641 687 3725 κόσμον
701 3639 721 3708 ὅ
737 3667 772 3708 τε
788 3643 892 3726 νόμος
909 3641 1113 3730 προστάττει
1128 3643 1260 3721 τούτοις
1270 3649 1287 3728 ¹)

156 3738 347 3810 ἀποδοῦναι
370 3759 441 3822 τοῖς
457 3741 600 3830 άνάράσι
622 3747 679 3810 καί
693 3745 792 3834 χρη“.
827 3745 864 3811 τὸ
890 3745 972 3827 „aei
988 3746 1076 3834 χρη“
1102 3745 1208 3814 πάλιν
1230 3748 1289 3813 lae.

158 3849 365 3914 11-121itt,
392 3854 547 3931 κείμενον
570 3847 628 3914 ἐπὶ
651 3851 806 3937 τελευτῆς
828 3855 920 3926 τίνος
943 3848 1039 3916 ἕνεκα
1063 3854 1292 3939 παρείληπται

155 3952 211 4016 καί
235 3949 291 4016 dre
314 3956 347 4015 τί
356 3975 362 4030 ;
393 3950 523 4036 πότερα
547 3957 762 4039 σαφεστέραν
785 3960 927 4040 ποιησαι
955 3950 1017 4039 τὴν
1048 3953 1156 4032 tego:
1189 3955 1294 4020 Laen-

156 4074 230 4119 nam
246 4061 420 4139 praeeunte
437 4055 620 4141 Sylburgio,
647 4056 701 4139 qui
725 4054 877 4122 ἐνταῦθα
892 4055 1066 4142 proposuit,
1092 4057 1139 4124 ita
1157 4059 1289 4143 expleo:

228 4315 232 4347 ¹
269 4308 394 4374 ἰιοάτοις)
416 4311 459 4366 R:
482 4313 509 4367 in
528 4311 624 4368 Ambr.
646 4315 746 4368 lacuna
765 4317 844 4366 i—5
864 4315 916 4368 litt.
