3262 4926
780 397 992 458 -32-

317 591 529 668 exposuerat,
564 603 602 649 eo
625 589 749 649 tantum
772 584 908 650 oonsilio
931 585 1097 668 disputata
1119 592 1246 664 essent,
1281 593 1314 648 ut
1335 591 1464 649 cetero-

317 707 386 751 rum
424 686 685 771 pbilosophorum
723 687 886 752 doctrinas
923 707 1026 753 vanas
1064 706 1137 754 esse
1174 686 1459 752 demonstraretur.

317 791 462 875 Apparet
476 797 583 856 antem
595 789 742 855 vcrsibus
755 792 926 856 css—634
939 789 1182 856 fundamentum
1197 795 1346 855 constare
1362 789 1463 854 totius

319 892 483 958 doctrinae
506 893 736 968 Lucretianac,
763 893 848 976 qnod
871 913 942 959 cnm
965 893 1092 973 iecerit,
1120 892 1209 958 sacili
1231 891 1360 976 negotio
1383 913 1462 976 pro-

317 996 373 1061 bat
407 1002 585 1062 ceterorum
621 995 662 1062 de
694 996 877 1081 principiali
907 997 1044 1064 materia
1080 996 1248 1080 opiniones
1283 996 1361 1060 labi.
1418 999 1464 1060 At

322 1100 420 1165 talem
443 1097 555 1164 harum
578 1098 652 1164 libri
675 1100 771 1184 primi
794 1099 933 1184 partium
955 1098 1177 1166 condicionem
1193 1119 1252 1185 per
1267 1107 1464 1184 quopropter

322 1202 512 1288 particulam
552 1201 737 1285 significare
773 1222 836 1267 uon
873 1203 987 1287 potuit.
1049 1201 1194 1282 Deinde,
1230 1209 1266 1267 ut
1305 1202 1464 1268 faciamos

321 1312 448 1391 poetam
472 1305 532 1371 hoo
555 1305 649 1370 modo
672 1306 918 1390 primordiorum
935 1307 1111 1372 doctrinam
1128 1307 1262 1372 aliorum
1279 1306 1463 1391 praeceptis

320 1409 523 1494 opposuisse,
548 1415 656 1474 tamen
679 1409 713 1474 in
735 1409 934 1474 transitionis
954 1408 1091 1475 formula
1107 1410 1176 1476 sine
1192 1409 1288 1475 dubio
1304 1410 1334 1475 ei
1349 1409 1462 1475 dioen-

319 1510 395 1576 dum
420 1519 504 1590 erat,
538 1531 672 1577 omues
695 1512 841 1578 diversas
864 1511 905 1577 de
935 1513 1070 1578 materia
1101 1512 1277 1578 sententias
1306 1531 1366 1577 sua
1394 1510 1463 1595 pri-

322 1614 514 1680 mordiorum
537 1615 683 1680 doctrina
704 1617 785 1682 tolli.
832 1614 940 1693 Quare
963 1637 1027 1682 uon
1046 1617 1077 1682 ei
1092 1617 1196 1697 modo,
1223 1616 1279 1700 qui
1296 1614 1461 1680 materiem

322 1737 426 1782 rerum
450 1737 523 1783 esse
545 1725 699 1802 putamnt
724 1719 850 1803 ignem,
876 1740 947 1784 oum
976 1720 1093 1803 quibus
1122 1739 1200 1786 saue
1230 1738 1355 1800 omnes,
1387 1718 1460 1800 qui-

324 1840 461 1902 cumque
488 1840 585 1886 uuam
616 1821 836 1905 principialem
867 1823 1031 1887 materiem
1062 1829 1261 1904 statuerunt,
1294 1821 1463 1906 complecti

323 1923 494 2008 potuisses,
521 1925 789 1991 commemorandi
811 1934 912 2005 eraut,
939 1946 1051 1990 verum
1073 1926 1170 1991 etiam
1184 1927 1400 2008 Anaxagorae
1419 1924 1460 1988 de

323 2026 559 2093 homoeomeria
581 2028 751 2094 sententia.

409 2130 459 2195 Ab
482 2131 554 2215 ipso
575 2132 673 2215 igitur
695 2139 792 2216 poeta
813 2133 862 2198 illi
883 2152 996 2198 versus
1017 2137 1101 2214 (635.
1120 2135 1149 2213 6)
1172 2152 1214 2198 ne
1228 2132 1270 2197 ab
1285 2131 1375 2196 initio
1389 2131 1463 2212 qui-

322 2232 396 2298 dem
411 2240 486 2318 post
508 2238 569 2299 634
594 2235 704 2320 scripti
727 2243 810 2301 sunt.
852 2235 973 2302 Eadem
997 2245 1106 2302 autem
1121 2234 1372 2314 ratiocinatione,
1396 2253 1463 2314 qua

323 2356 437 2402 versus
452 2337 494 2418 11,
514 2340 589 2403 478.
612 2342 631 2403 9
654 2338 768 2404 editori
786 2339 966 2416 tribuimus,
992 2339 1190 2418 adducimur,
1217 2345 1252 2404 ut
1266 2336 1349 2402 hauc
1364 2337 1462 2402 itera·

323 2440 440 2505 tionem
465 2440 507 2505 ad
531 2441 666 2507 eundem
692 2441 878 2509 reseramus.
925 2443 1010 2508 Num
1041 2444 1138 2508 etiam
1167 2445 1229 2506 637
1260 2461 1300 2506 er
1323 2441 1370 2520 Il,
1401 2444 1461 2504 176

325 2544 365 2608 ab
388 2542 448 2609 hcc
470 2543 604 2610 iteratus
628 2535 679 2626 sit,
706 2546 861 2612 incertum
885 2553 945 2612 est.

410 2648 538 2730 Reliqui
556 2656 631 2714 sunt
645 2649 688 2727 11,
710 2651 867 2714 177-83.
915 2648 1038 2727 Quibus
1061 2667 1137 2733 pars
1156 2647 1295 2714 eflicitur
1309 2647 1383 2722 loci,
1407 2646 1463 2728 qui

324 2757 416 2817 extra
427 2769 581 2816 conexum
595 2751 666 2818 eius
677 2752 876 2834 quaestionis
887 2751 1098 2836 interpositus
1108 2757 1167 2830 est,
1183 2771 1266 2832 qnae
1278 2752 1429 2814 rut-162
1440 2753 1460 2830 ¹)

324 2859 357 2917 ct
382 2855 550 2918 rso-332
573 2853 613 2920 do
635 2855 880 2939 primordiorum
903 2855 1040 2921 motibus
1067 2855 1254 2920 instituitur.
1302 2855 1349 2918 Ao
1378 2853 1466 2918 mala

324 2955 451 3021 fortuna
472 2955 597 3022 initium
620 2957 775 3024 eiuslooi
804 2958 986 3023 mutilatum
1016 2964 1083 3024 est:
1115 2957 1149 3022 iu
1179 2958 1267 3022 exitu
1296 2963 1405 3021 tamen
1435 2957 1467 3020 ei

323 3058 514 3140 refutantur,
533 3061 587 3144 qui
602 3061 708 3144 ignari
723 3061 888 3141 materiae,
908 3060 994 3144 quod
1013 3069 1148 3126 naturae
1167 3060 1244 3125 ordo
1259 3059 1345 3125 vitae
1360 3058 1467 3124 bomi-

324 3181 399 3226 num
429 3169 494 3227 tam
525 3163 783 3230 accommodatus
813 3165 871 3245 sit,
905 3164 1012 3229 omnia
1041 3185 1062 3229 a
1089 3163 1160 3229 deis
1190 3163 1364 3230 constituta
1393 3182 1469 3228 esse

324 3263 459 3349 lingunt.
506 3266 633 3332 Deinde
656 3274 832 3349 sequnntur
853 3267 902 3332 illi
925 3287 1056 3333 versus:

381 3371 441 3432 177
466 3391 539 3432 nam
562 3370 704 3454 quamuis
726 3392 832 3435 reram
854 3369 995 3453 r'paorem
1013 3369 1193 3453 primordio
1217 3391 1296 3452 qaae
1318 3368 1392 3448 sint,

465 3471 523 3536 boc
547 3481 649 3536 tomen
672 3496 710 3538 ca
732 3473 809 3556 ipsis
832 3473 913 3537 coeli
934 3473 1106 3537 rationibus
1130 3471 1231 3536 atesim

465 3575 650 3659 corfirmore
671 3577 804 3662 aliisquo
827 3599 864 3639 aa
886 3579 978 3640 rebus
999 3577 1130 3640 reddere
1153 3574 1269 3656 moltr's,
1361 3583 1372 3596 '

386 3679 446 3743 180
468 3701 666 3763 nequaquam
689 3680 777 3744 nodio
799 3677 950 3743 divinitus
973 3701 1037 3742 osse
1060 3687 1198 3742 meolam

466 3790 613 3846 naturam
635 3783 762 3846 mundi:
787 3791 877 3846 tanto
897 3791 962 3846 stat
977 3782 1129 3866 praedito
1151 3781 1254 3864 adpo.

467 3908 546 3970 quae
570 3885 629 3950 titi
643 3885 811 3968 posterius,
837 3885 979 3962 Memmi,
994 3885 1156 3968 sociemus
1177 3891 1310 3966 operto:

466 4011 548 4050 nunc
571 3987 617 4066 id,
643 3989 728 4073 quod
747 3996 899 4071 coeperest,
925 3989 963 4050 de
985 3987 1119 4051 motibus
1141 3984 1349 4070 expediemus.

510 4093 618 4165 (Num
641 4094 726 4156 Iocus
748 4099 805 4168 cst,
831 4100 866 4155 at
881 4091 1001 4174 opinor,
1029 4090 1061 4153 in
1077 4089 1126 4152 dis
1141 4089 1224 4154 illud
1237 4111 1360 4173 quoquc
1376 4089 1474 4154 redas

398 4315 414 4374 ¹)
436 4312 472 4377 ll,
488 4315 544 4365 163.
557 4316 570 4364 t
586 4319 625 4378 t=
638 4313 686 4378 lV,
700 4316 759 4366 207.
772 4315 795 4378 8)
808 4314 946 4368 insiticios
957 4328 1018 4368 asse
1027 4310 1101 4366 inira
1111 4310 1310 4366 demonstrabo
1322 4325 1370 4378 pg.
1384 4313 1414 4362 71
1430 4328 1476 4382 sq.
