3304 4928
605 487 647 496 -
694 447 789 532 [εει]
838 485 877 495 -
1276 447 1318 513 sa

171 644 342 729 τέγγεοθε·
374 636 417 730 μὴ
450 639 616 730 μελήσετε.
663 642 730 708 550
760 636 864 728 Οὔρεα
896 649 1002 709 θεῖτε·
1036 636 1200 728 ὀρχεῖσθε.
1251 643 1316 710 578

171 753 340 838 Διαξῆναι·
370 753 530 817 διαλῦσαι.
581 751 644 815 597
663 736 905 838 Ἦτευομένη·
934 742 1001 817 α’πὸ
1029 758 1220 837 μεταφορᾶς
1247 739 1317 818 τῶν

173 851 304 942 ὅρνεων
335 867 406 924 τῶν
435 846 695 926 δυσοιωνίοπων.
744 859 807 923 686
841 862 1028 944 Βωοτρεῑν·
1061 863 1190 938 καλεῖν,
1221 862 1316 939 βοᾶν.

175 965 235 1028 721
258 966 492 1050 Διαλέγουσαν·
513 953 813 1051 διοικοιίομοῦοαν.κ
832 965 939 1050 λέγειν
953 958 1015 1050 γὰρ
1030 959 1069 1032 τὸ
1085 964 1317 1053 οίκοδομεῑνλ)

173 1059 243 1136 uui
266 1064 428 1158 Ἡρακλῆς
460 1076 634 1155 ξενίζεται·
677 1073 844 1158 Παροιμία
877 1070 931 1138 ἐπὶ
964 1080 1034 1138 τῶν
1066 1068 1316 1158 βραδυνόντων.

176 1177 214 1244 Οἱ
237 1171 299 1266 γὰρ
329 1173 570 1265 ὑποδεχόμενοι
595 1173 660 1246 τὸν
677 1172 841 1266 Ἡρακλέα
863 1176 1076 1266 βραδύνουοι.
1117 1175 1318 1266 Πολύφαγος

172 1278 233 1371 γὰρ
263 1279 280 1353 ὁ
310 1279 408 1374 ἥρως.
454 1279 496 1354 ‘H
526 1285 761 1373 έτυμοίογία
794 1293 861 1374 τῆς
892 1283 1068 1374 κλήσεως
1100 1279 1176 1352 α’πό
1208 1310 1318 1365 τινος

170 1402 359 1479 λθλῦμθῦ“

243 1493 435 1589 Ἡρακλῆα
460 1501 501 1566 δέ
524 1519 562 1566 οε
591 1505 736 1582 Φοῖβος
760 1496 971 1586 έπαίνυμον
995 1497 1240 1585 ε’ξονομάζει·

193 1595 265 1694 ἦρα
287 1599 358 1694 γὰρ
383 1603 637 1694 ἀνθρώποισι
661 1607 794 1693 φέρων
818 1607 933 1686 κλέος
952 1601 1129 1691 ἄφθιτον
1148 1605 1294 1692 ἕξειςῑ)

171 1715 236 1781 982
259 1711 441 1800 Κυροάνιε·
466 1717 603 1795 Νεανία,
626 1711 735 1802 έφηβε.
771 1707 818 1782 ’Ἠ
837 1708 1058 1782 εὖτελέοτατε.
1100 1708 1233 1800 Κυρσὸς
1255 1707 1317 1800 γὰρ

172 1815 301 1900 εὐτελές
324 1819 479 1907 λάχανον.
516 1824 766 1908 Κυροανίους
791 1823 830 1888 di
854 1828 1046 1888 καλοῦσιν
1070 1819 1107 1888 ci
1132 1819 1318 1898 Λάκωνες

172 1920 217 1994 τὰ
249 1925 448 2015 μειράκια,
481 1932 546 1996 καὶ
578 1921 670 2007 τοὺς
703 1923 875 2007 εὐτελεῖς
909 1922 1197 2016 &nanciacum
1252 1931 1315 1995 987

171 2033 313 2114 Πολεός·
343 2030 361 2102 ὁ
392 2033 556 2123 οκοίπτης.
607 2038 692 2102 1110
714 2029 932 2103 Αὐθέκαοτα·
966 2027 1051 2102 αὐτὰ
1079 2027 1121 2101 τὰ
1149 2024 1318 2122 γινόμενα,

171 2137 247 2208 οίον
271 2135 415 2229 ἀκρίτως
438 2145 522 2230 (lego
545 2131 723 2210 testa—lisa.
743 2143 869 2228 chuer.
888 2144 954 2210 462
978 2136 1137 2229 ἀκριβῶς)
1161 2145 1217 2208 καί
1241 2162 1317 2209 ουν-

171 2247 291 2334 τόμως.
342 2243 363 2337 ἢ
391 2243 431 2315 τὰ
460 2243 550 2316 ἁπλᾶ
577 2253 634 2316 καί
662 2242 772 2338 ἀληθῆ
801 2243 1018 2335 αὖτωιριβαίς.
1073 2250 1157 2316 1127
1187 2247 1317 2336 Menoc-

171 2373 293 2441 σωμαι·
323 2350 399 2422 ἀντὶ
426 2366 488 2423 τοῦ
514 2358 752 2442 πεπαίδευμαι,
779 2349 930 2444 ἤσκημαι.
990 2342 1317 2441 1316-’11αραμπυκί-

171 2468 276 2544 ζεται·
299 2464 551 2550 παραπλέκεται
573 2456 641 2542 τὰς
664 2466 805 2550 τρίχας.

262 2571 330 2638 Hao
361 2572 471 2637 tabula
502 2579 635 2656 apparet
661 2573 754 2655 longo
782 2572 950 2636 maximam
976 2577 1100 2655 partem
1127 2591 1235 2636 earum
1262 2573 1318 2640 ad·

167 2679 369 2744 notationum
393 2679 616 2757 Suidanarnm,
644 2699 725 2762 quas
752 2680 811 2744 etsi
839 2699 901 2744 non
929 2679 1063 2744 mullum
1091 2684 1238 2744 atcerte
1260 2680 1318 2745 ali-

169 2793 324 2868 quantum
357 2785 435 2852 luc-is
462 2787 503 2852 ad
530 2786 869 2870 Thesmophoriazusas
902 2792 934 2851 ot
965 2786 1174 2870 Lysistratam
1205 2785 1319 2852 afferro

168 2895 295 2975 possint
317 2893 451 2977 ideoque
474 2894 589 2976 dignae
611 2894 791 2970 uideantur,
814 2892 929 2978 quibus
951 2898 1106 2977 augeatur
1128 2892 1319 2958 scholiorum

169 3000 477 3083 Aristophmreorum
508 3023 634 3084 corpus,
666 3023 705 3064 cx
737 3001 848 3083 glossis
867 3001 1134 3066 interlinearibus
1166 3001 1318 3084 originem

168 3107 312 3186 duxisse,
344 3107 459 3190 quibus
487 3107 604 3174 Suidsa
638 3108 737 3173 codex
768 3107 913 3192 pluribus
945 3129 1039 3191 quam
1075 3108 1198 3174 codices
1225 3107 1319 3172 RVG

168 3211 345 3280 instructus
371 3214 480 3291 fuerim
508 3215 646 3280 indidem
671 3215 891 3299 explicandum
915 3222 976 3293 ost,
1004 3217 1088 3299 quod
1111 3216 1227 3282 totiens
1250 3216 1319 3298 ipsa

168 3317 227 3383 illa
259 3321 486 3388 uocabulorum
514 3323 628 3400 forma,
661 3343 742 3406 quac
771 3327 858 3388 extat
885 3323 918 3388 in
946 3321 1055 3388 fabula
1076 3321 1319 3405 Aristophanes,

168 3428 257 3510 apud
282 3427 412 3494 Suidam
435 3427 571 3494 fideliter
593 3437 720 3494 seruata
743 3437 799 3496 esu

245 3573 265 3635 ¹)
290 3572 385 3640 inepta
405 3573 474 3626 hacc
494 3587 573 3638 sano3
597 3586 687 3639 nequa
707 3585 772 3625 uero
792 3587 826 3626 ea
845 3569 934 3625 minus
954 3570 1061 3639 inepta,
1082 3585 1153 3639 quas
1171 3569 1199 3623 in
1219 3569 1319 3624 nostris

170 3658 287 3714 scholiis
307 3661 342 3715 sd
362 3661 389 3714 h.
409 3677 433 3713 v.
454 3659 583 3730 leguntur
602 3656 785 3729 decldysrv=
797 3655 961 3730 διορύττειν.

243 3747 265 3810 ²)
285 3749 321 3802 ci.
340 3749 468 3804 Eustath.
487 3750 522 3804 cd
541 3749 573 3803 ll.
593 3766 637 3818 pg.
657 3751 709 3804 561
729 3757 757 3804 ot
775 3749 865 3820 Etym.
885 3749 978 3818 Magn.
1273 3821 1276 3826 y

243 3836 264 3902 ³)
285 3838 392 3893 Eadem
411 3837 508 3906 mutila
528 3838 638 3908 quidem
657 3837 821 3907 legebantur
839 3837 867 3894 in
887 3855 920 3894 so
940 3837 1042 3904 codice,
1063 3853 1097 3891 cx
1117 3853 1169 3905 quo
1189 3835 1318 3892 Claudius

167 3921 312 3980 Puteanus
342 3927 447 3982 scholia
475 3927 624 3997 adscripsit
652 3927 781 3982 editionis
810 3926 1000 3983 Frobenianas
1028 3925 1183 3981 fabularum
1212 3923 1318 3980 Aristo-

167 4009 342 4077 phancsrum
354 4017 480 4087 exemplo
495 4033 550 4079 suo,
567 4033 638 4086 quac
648 4033 841 4086 nonnunquam
857 4017 1030 4072 leuilcrcum
1040 4015 1124 4072 Suida
1135 4013 1317 4080 consentiunt,

167 4100 247 4153 uolut
262 4103 298 4158 ad
314 4123 338 4160 v.
350 4107 401 4162 201
417 4108 477 4161 Put.
488 4105 623 4160 scholium
634 4105 836 4160 submmistrat:
851 4099 967 4175 ἡσθείη·
984 4101 1168 4175 εὐφρανθείη,
1185 4103 1220 4159 ud
1231 4120 1255 4156 v.
1265 4104 1318 4158 221

168 4179 324 4263 ἐπικαυθῇ,
346 4197 381 4251 ad
396 4214 420 4250 v.
436 4197 489 4252 538
505 4198 632 4250 διαλῦσαι
646 4191 710 4266 χρή,
730 4197 765 4250 ad
781 4213 805 4250 v.
816 4197 868 4251 983
884 4190 1001 4250 κνοάνιε
1016 4195 1076 4262 (sic)
1092 4195 1197 4256 νεανία,
1219 4185 1317 4263 dorsis,

169 4265 186 4341 ἢ
197 4271 401 4340 adversamu-
418 4281 522 4355 κερσὸς
537 4280 593 4356 γὰρ
604 4280 861 4355 εέτελὲςλάχανον·
879 4283 1087 4356 κυρσανίοος
1101 4281 1133 4338 δέ
1151 4285 1319 4338 καλοῦσιν

170 4357 197 4414 ολ
216 4363 378 4438 Λάκωιες
401 4371 484 4428 τὰ..
502 4417 528 4428 ..
550 4373 657 4444 (supple
676 4369 811 4443 μειράκια
827 4390 861 4429 ex
877 4374 970 4430 Suidul
990 4375 1048 4428 καί
1064 4368 1144 4437 τοὺς
1163 4367 1319 4436 εὐτελεῖς

168 4443 390 4528 ἀνθρώπους.
430 4462 506 4517 Fieri
526 4469 617 4518 tamen
637 4469 741 4533 potest,
761 4471 791 4518 ut
811 4463 940 4520 Claudius
959 4465 1097 4519 Puteanus
1116 4465 1185 4516 haec
1205 4477 1240 4514 cx
1260 4459 1319 4529 ipso

170 4536 256 4596 Suida
275 4547 424 4606 addiderit.

1121 4621 1155 4676 ο·
