3280 4934
781 451 822 460 -
868 413 942 496 [32]
989 451 1031 460 -

427 605 570 690 Denique
588 614 698 692 aperte
715 613 857 692 praestat
874 609 990 692 prioris
1008 609 1145 693 syllegae
1168 610 1262 674 lectio
1285 611 1318 674 in
1337 607 1478 674 versibus

304 815 305 820 ἵ
428 728 492 794 213
517 727 656 818 Κύρνε,
684 733 803 814 φίλους
831 729 929 798 κάτα
956 729 1087 812 πάντας
1115 731 1292 820 ἐπίστρεφε
1320 734 1478 800 ποικίλον

654 827 750 925 ἦθος,
773 838 877 924 (θυμέ
899 841 928 906 Α
952 862 1010 923 pro
1033 836 1158 928 Κύρνε)

427 944 492 1010 214
561 937 679 1032 ὀργὴν
704 949 943 1032 συμμίσγων,
965 937 1093 1035 ἥντιν’
1117 945 1257 1026 ἕκαστος
1280 945 1369 1032 ἔχει.

427 1051 491 1116 215
515 1047 715 1135 [Πονλύπου
739 1045 841 1140 ὀργὴν
865 1052 931 1138 ’ίσχε
956 1050 1187 1134 πολυπλόκου,
1211 1045 1248 1132 ὃς
1265 1055 1345 1119 ποτὶ
1363 1053 1478 1138 πέτρη,

426 1158 490 1223 216
558 1165 598 1241 τῇ
620 1156 858 1248 προσομιλήσῃ,
881 1174 973 1239 τοῖος
995 1160 1079 1228 loen
1102 1157 1235 1249 ἐφάνη]

427 1265 490 1329 217
514 1272 578 1331 νῦν
599 1266 661 1350 μὲν
683 1261 759 1352 τῇδ’
778 1266 918 1350 ἐφέπου,
940 1267 1017 1333 τοτὲ
1037 1259 1066 1334 δ’
1085 1260 1218 1348 άλλοῖος
1238 1264 1336 1353 χρόα
1353 1269 1477 1352 γίνου·

427 1373 491 1437 218
559 1372 711 1460 κρέσσων
725 1399 779 1441 τοι
799 1376 900 1461 σοφίη
913 1376 1039 1459 γίνεται
1058 1368 1268 1464 άτροπίηςίθ
1286 1371 1479 1460 κραιπνόν),

337 1481 391 1563 qui
413 1479 446 1545 iu
468 1479 610 1546 versibus

428 1584 510 1652 1071
536 1583 661 1672 Κύρνε,
689 1589 807 1668 φίλους
834 1580 932 1675 πρὸς
958 1585 1088 1668 πάντας
1117 1587 1292 1675 ἐπίστρεφε
1320 1589 1478 1656 ποικίλον

655 1681 741 1782 ἦθος

428 1801 513 1866 1072
581 1803 808 1886 συμμίσγων
832 1795 965 1890 ὀργήν,
989 1797 1072 1881 οίος
1096 1801 1234 1881 ἕκαστος
1258 1799 1338 1886 ἔφυ.

427 1906 511 1973 1073
530 1915 593 1974 νῦν
612 1908 673 1992 μὲν
691 1901 785 1994 τῷδ’
808 1908 947 1992 ἐφέπου,
970 1909 1046 1976 τοτὲ
1067 1903 1096 1976 δ’
1120 1902 1254 1988 άλλοῑος
1271 1909 1321 1976 πέ
1325 1914 1391 1975 λεν
1410 1902 1478 1996 άρ-

653 2011 737 2102 γήν·
762 2016 807 2100 (Α
831 2009 907 2082 τοά’
929 2038 986 2102 pro
1009 2008 1106 2102 τῴά)

429 2123 512 2188 1074
579 2119 765 2208 κρεῖσσόν
789 2147 842 2188 τοι
866 2125 966 2210 σοφίη
990 2125 1054 2190 καί
1075 2119 1242 2210 μεγάλης
1261 2115 1408 2210 άρετῆς.
1434 2123 1479 2211 (0

336 2231 515 2314 κρείσσων)

336 2390 505 2456 admodum
537 2391 650 2456 vanati
681 2392 838 2476 leguntur.
894 2389 1003 2456 Priore
1036 2391 1120 2456 enim
1152 2391 1220 2456 loco
1252 2390 1370 2475 elegiae
1403 2413 1479 2474 pers

336 2497 542 2585 (213-218)
560 2498 705 2575 disticho,
728 2497 910 2564 certissimis
927 2498 1116 2564 testimoniis
1127 2499 1152 2584 ²)
1176 2497 1352 2581 Theognidi
1375 2497 1478 2563 vindi-

337 2603 449 2681 endo,
485 2605 607 2670 auctior
638 2610 694 2670 est.
748 2605 839 2684 Quod
871 2603 1027 2670 distichon
1059 2627 1129 2671 oum
1160 2607 1193 2670 in
1224 2605 1326 2669 altera
1357 2605 1480 2689 sylloge

337 2712 544 2788 omitteretur,
566 2711 792 2778 consectarium
815 2711 886 2789 fuit,
908 2715 945 2776 ut
967 2733 1005 2778 ea
1027 2733 1107 2795 quae
1130 2711 1172 2777 ad
1194 2719 1295 2776 artem
1313 2731 1479 2794 moresque

337 2817 443 2902 polypi
473 2818 682 2903 pertinerent,
714 2824 921 2885 mutarentur.
976 2818 1084 2904 Neque
1116 2819 1198 2884 enim
1227 2817 1369 2883 consulto
1396 2815 1478 2882 illud

336 2923 494 2990 distichon
513 2925 574 3012 (vv.
594 2925 667 2991 215.
687 2925 766 3010 216)
786 2925 827 2991 ab
845 2927 914 3011 ipso
932 2926 1072 3012 syllogae
1090 2925 1221 2991 alterius
1239 2929 1367 2991 auctore
1385 2945 1479 3008 prae-

337 3033 516 3098 termissum
538 3053 605 3098 esse
628 3035 737 3117 negari
759 3038 873 3117 potest.
919 3032 1010 3113 Quod
1033 3034 1167 3098 sirecte
1190 3032 1371 3108 statuimus,
1394 3030 1478 3096 iudi-

337 3139 420 3203 cium
460 3139 500 3204 de
539 3161 685 3205 versuum
725 3139 937 3225 discrepantia
977 3139 1080 3206 facere
1117 3159 1379 3226 supervacaneum
1418 3145 1478 3204 est.

337 3243 419 3310 Illud
452 3245 628 3312 addiderim
659 3247 693 3313 iu
724 3247 855 3312 alterius
887 3246 1025 3332 syllegae
1057 3267 1148 3312 versu
1181 3245 1266 3311 1074
1294 3245 1390 3311 verba
1420 3247 1481 3312 καὶ

335 3347 475 3438 μεγάλης
502 3345 620 3439 ἀρετῆς
646 3353 817 3438 uulgariter
844 3358 876 3418 et
902 3351 969 3418 lere
997 3355 1115 3436 inepte,
1143 3357 1252 3418 contra
1279 3373 1420 3436 eaquae
1444 3353 1479 3418 in

336 3459 449 3543 prioris
476 3458 613 3545 syllegae
641 3481 732 3525 versu
755 3460 820 3525 218
848 3481 906 3543 pro
934 3462 979 3526 eis
1006 3460 1139 3544 legimus
1166 3459 1292 3543 γίνεται
1316 3452 1480 3545 ἀτροπίης

338 3565 415 3632 bene
437 3567 524 3632 dicta
545 3588 612 3632 esse
635 3573 668 3632 et
691 3567 854 3650 exquisite.

425 3671 503 3738 Cum
524 3674 558 3739 in
580 3673 640 3739 hoc
663 3673 791 3759 quidem
812 3672 881 3739 loco
903 3675 963 3756 (vv.
983 3673 1167 3750 213-218,
1190 3671 1421 3757 1071-1074)
1446 3681 1482 3739 et

336 3780 370 3846 in
392 3780 551 3846 nonnullis
573 3780 644 3846 aliis
667 3781 719 3845 vix
742 3779 873 3845 dubium
900 3780 942 3846 sit
964 3780 1040 3863 quin
1064 3783 1097 3845 in
1115 3781 1219 3864 priore
1239 3779 1358 3863 sylloge
1375 3781 1481 3864 magis

336 3888 473 3972 genuina
499 3886 601 3953 foruna
628 3892 791 3952 contextus
818 3885 1013 3972 Theognidei
1044 3893 1168 3952 seruata
1199 3886 1254 3963 sit,
1285 3891 1391 3950 tamen
1420 3887 1480 3952 de-

336 3999 526 4061 monstrasse
553 3994 643 4060 nobis
666 3995 808 4060 videmur
835 3995 954 4061 maiore
982 4015 1020 4058 ex
1041 3998 1132 4078 parte
1161 3995 1193 4058 in
1215 3992 1388 4076 posteriore
1410 3994 1480 4078 syl-

336 4101 409 4184 loga
434 4098 558 4166 fidelius
586 4102 818 4187 Theoguideam
846 4102 1018 4168 carminum
1045 4101 1178 4167 formam
1209 4099 1389 4178 retinuisse,
1422 4104 1481 4186 qui

337 4229 406 4274 eam
429 4210 638 4275 adornaverit.

428 4406 446 4471 ¹)
466 4403 515 4459 cfr.
531 4403 678 4474 Bergkiurn
694 4405 730 4460 cd
746 4422 769 4458 v.
785 4405 850 4472 ‘2153
871 4403 924 4458 rid.
940 4409 1094 4473 praeterea,
1114 4419 1185 4472 quae
1203 4403 1239 4459 ad
1253 4401 1404 4458 Zenobium
1424 4407 1489 4478 red..

337 4495 458 4551 Leutsoh
477 4499 505 4549 et
523 4493 723 4562 Schneidewin)
741 4495 753 4548 Ι
773 4493 808 4548 24
826 4494 958 4549 adnotate
976 4497 1047 4547 sunt.
