3262 4926
629 383 846 442 ..57-

172 561 363 629 mordicrum
378 563 465 630 sacta
478 584 519 631 ne
530 583 654 648 -gencra
670 565 799 648 quidem
814 567 918 652 ipsius
932 569 1018 652 ignis
1031 569 1121 634 varia
1136 569 1305 635 exsistant.

170 665 252 730 Nam
290 687 360 732 oum
398 665 518 734 dictum
555 675 605 735 est
643 668 756 736 eadem
801 669 975 754 primordia
1011 672 1109 756 paulo
1152 673 1235 738 inter
1271 692 1305 738 sc

170 775 290 834 munta
313 789 430 836 creare·
444 771 538 854 ignes
561 778 593 837 et
614 772 747 856 lignum,
774 793 838 839 non
861 773 900 838 de
923 774 1014 840 noris
1033 773 1224 857 quibusdam
1240 776 1306 860 pri-

169 872 299 938 mordiis
328 872 485 940 addendis
507 875 559 940 vel
587 874 628 942 de
655 876 819 942 nonnullis
849 876 1017 942 demendis
1047 877 1180 962 cogitari
1211 899 1306 962 posse

169 974 388 1058 unnsquisque
417 975 578 1044 concedet.
627 977 740 1060 Neque
769 985 860 1044 textu
890 979 1006 1046 vitiose
1036 980 1226 1048 traditores
1249 1003 1306 1046 ex-

170 1076 273 1142 cusari
294 1084 411 1162 potest,
437 1079 587 1162 quoniam
604 1080 637 1144 in
652 1080 732 1164 ipsis
748 1081 902 1165 proximis
919 1082 1064 1148 versibus
1086 1083 1199 1149 eadem
1223 1083 1308 1149 inest

169 1178 291 1263 ineptia
313 1181 369 1246 ubi
391 1181 488 1247 etiam
511 1182 629 1249 clarius
652 1204 673 1248 a
695 1204 729 1250 re
751 1203 789 1250 ae
812 1185 947 1252 veritate
962 1185 1115 1251 discedit:

234 1283 259 1360 I,
278 1286 341 1347 912
568 1309 635 1371 pcc
655 1297 750 1370 pacto
772 1290 868 1352 cerdo
890 1310 1010 1373 quoque
1031 1287 1101 1371 tpso
1151 1319 1155 1326 ·

368 1387 450 1451 iuter
471 1410 504 1452 se
520 1389 620 1472 puolo
643 1389 773 1454 mutatis
794 1399 869 1454 sunt
891 1390 1059 1466 elucentis,

366 1511 436 1553 cum
458 1490 546 1574 liquo
568 1499 662 1575 atque
684 1491 770 1577 iones
793 1493 940 1558 da'att'actu
963 1515 1035 1558 uoce
1057 1501 1206 1558 notemus.

255 1591 303 1656 Ex
326 1590 438 1658 endem
461 1601 569 1660 autem
593 1594 680 1661 fonte
701 1615 813 1661 versus

637 1698 669 1778 I,
697 1700 834 1776 stt-9,
1225 1767 1228 1776 ,

170 1795 223 1876 qui
256 1795 346 1862 initio
385 1798 499 1864 leviter
539 1805 660 1865 mutato
694 1801 840 1866 versibus
876 1802 950 1865 908.
984 1804 1016 1865 9.
1053 1805 1090 1865 tc
1127 1806 1159 1866 et
1198 1819 1307 1865 eorum

170 1899 347 1982 exemplari
370 1901 414 1980 11,
442 1905 534 1967 1007.
561 1903 592 1966 8.
618 1904 649 1966 9.
676 1923 772 1987 pares
795 1909 886 1982 sunt,
912 1901 1045 1968 fluxisse
1071 1901 1150 1968 mihi
1171 1921 1307 1986 persua-

171 2018 240 2069 sum
263 2009 323 2067 est.

256 2103 364 2169 Etiam
377 2103 428 2170 hic
440 2105 575 2173 offendit
585 2105 771 2172 adverbium
784 2129 887 2190 saepe.
914 2105 1306 2191 Comuptelaveropcctae

172 2205 338 2271 verborum
361 2207 389 2271 si
411 2208 572 2289 statuitur,
599 2207 641 2273 nd
664 2216 808 2294 tempora
830 2208 1043 2275 remotissima
1059 2208 1207 2292 pertinet,
1227 2229 1306 2289 quo-

171 2307 265 2386 niam,
285 2309 314 2373 si
331 2309 457 2374 stt-9
474 2309 765 2393 Lucretianasunt,
784 2311 840 2376 ille
855 2311 1075 2395 interpolator,
1091 2310 1146 2392 qui
1158 2313 1305 2374 eut-tt

173 2409 319 2492 inseruit,
346 2410 416 2476 sine
438 2410 534 2479 dubio
557 2413 589 2477 in
613 2432 671 2480 suc
692 2414 869 2498 exemplari
891 2435 985 2497 acopo
1006 2413 1096 2496 legit.
1145 2412 1209 2478 Sed
1232 2431 1307 2477 con-

171 2512 349 2579 cedendum
363 2521 412 2580 est
424 2514 566 2598 potuisse
578 2516 667 2582 illam
679 2517 892 2600 corruptelam
904 2516 970 2581 iem
981 2517 1078 2600 paulo
1090 2515 1307 2601 postLucrctii

173 2623 304 2680 mortem
326 2615 359 2680 in
383 2623 504 2683 textum
526 2619 720 2685 immanere:
754 2626 861 2684 tamen
884 2638 979 2704 spero
1002 2618 1188 2684 certioribus
1211 2637 1308 2702 argu-

176 2718 290 2783 mentis
312 2719 482 2802 probutum
497 2719 537 2785 iri
560 2741 580 2786 a
603 2741 664 2802 me,
691 2741 801 2788 versus
821 2723 949 2787 stt—9
965 2722 1006 2787 ab
1022 2721 1080 2787 hcc
1096 2722 1166 2787 loco
1181 2721 1308 2787 dissen-

174 2821 244 2886 tire.
284 2822 411 2887 Etenim
434 2822 462 2888 si
484 2831 632 2890 accurate
655 2824 897 2902 attenderimus,
922 2825 998 2906 quid
1014 2825 1056 2891 sit
1070 2831 1181 2906 maora·
1194 2826 1306 2911 refert,

172 2945 246 3006 quoa
269 2933 370 2988 neotus
392 2926 499 2989 cadem
516 2925 695 3008 ptn'mordio
723 2927 806 2991 inter
827 2949 862 2991 ae
884 2928 957 2992 dent
986 2927 1223 3012 comitiumque,
1257 2927 1308 2990 in-

172 3026 360 3110 tellegemus
375 3033 493 3093 certum
509 3027 668 3111 quendam
685 3029 929 3114 primordiorum
945 3031 1156 3114 complexum,
1182 3029 1217 3094 in
1232 3048 1304 3111 quc,

173 3128 201 3192 si
220 3129 420 3213 singulorum
444 3130 687 3214 primordiorum
704 3139 806 3198 motus
825 3137 996 3212 mutantur,
1022 3132 1056 3198 id
1071 3130 1193 3214 aliquid
1209 3132 1306 3196 valet.

173 3233 214 3297 At
235 3233 268 3296 in
292 3252 388 3300 versu
410 3233 435 3312 I,
464 3235 527 3299 820

279 3357 411 3420 namque
434 3337 566 3400 eudem
588 3337 708 3401 coelum
729 3359 817 3402 mure
840 3347 942 3402 aaron
951 3337 1092 3424 flumine
1114 3337 1208 3401 solem

279 3439 472 3503 constituunt

173 3560 345 3624 pronomen
368 3543 475 3606 eodem
497 3563 560 3608 nou
582 3550 688 3628 potest
710 3543 823 3610 referri
845 3543 887 3609 ad
910 3549 1028 3609 certum
1045 3541 1204 3626 quendam
1221 3561 1308 3606 com-

173 3643 301 3726 plcxum
317 3642 570 3727 primordiorum,
597 3645 747 3728 quoniam
769 3645 803 3712 id
818 3653 941 3712 tantum
960 3645 1153 3722 dictumest,
1181 3643 1309 3728 singula

173 3745 347 3830 primordia
369 3746 459 3812 caelo
481 3747 562 3813 mari
585 3747 678 3814 terris
701 3747 881 3814 communia
903 3767 976 3814 esse
998 3767 1070 3814 cum
1098 3746 1172 3812 aliis
1200 3753 1308 3811 tamen

172 3847 353 3914 commixta.
403 3848 528 3915 Deinde
551 3848 583 3914 ni
605 3869 718 3916 versus
741 3851 886 3930 e0·loco,
920 3849 1004 3916 unde
1034 3848 1193 3933 desumpti
1222 3855 1305 3928 sunt,

173 3956 292 4016 certam
315 3949 476 4033 quandum
498 3951 659 4017 notionem
682 3951 815 4036 habent,
842 3973 906 4036 qua
929 3951 1087 4037 inprime
1110 3952 1192 4017 libro
1213 3952 1309 4037 positi

173 4073 330 4120 essenon
352 4060 504 4139 possunt:
529 4055 572 4136 II,
602 4058 749 4120 tuot-9

328 4158 400 4221 iudo
421 4157 494 4220 ultis
516 4157 607 4220 aliud
625 4157 832 4242 coniunpituu
859 4167 890 4222 ct
897 4157 947 4241 fit
968 4167 1004 4222 at
1025 4181 1129 4222 omnes

327 4283 378 4324 ros
400 4259 446 4324 itu
468 4269 652 4325 cortnertaut
663 4261 796 4347 formos
818 4269 997 4346 mutentque
1020 4263 1138 4326 colores
