3262 4926
798 358 1011 422 „38-

338 546 437 612 trario
466 551 688 629 argumentum
718 545 814 630 petit,
847 545 938 612 onius
964 544 1156 632 hypothesis
1185 544 1236 610 his
1264 545 1373 612 verbis
1402 565 1484 612 eon-

339 654 432 732 eepta
454 654 519 713 est:
1480 661 1484 668 '

420 753 481 816 324
844 751 875 814 si
894 751 983 814 aaliz
994 751 1069 837 fait
1088 750 1237 835 panteriis
1260 749 1347 835 on'po

490 842 714 918 'terrorum
735 862 773 917 el
795 853 905 918 coeli
924 875 1105 938 semperque
1128 855 1379 939 oetemsaftoere.

338 957 375 1021 ln
398 957 446 1023 eis
467 957 575 1042 igitur,
602 976 685 1040 qnae
708 956 955 1042 praeeedebant,
981 955 1023 1022 de
1038 955 1174 1041 genitali
1190 955 1313 1040 origine
1338 964 1481 1020 terrae

339 1073 374 1124 er
395 1061 519 1141 caeli,
546 1066 578 1126 et
600 1060 634 1126 id
655 1057 784 1144 quidem
806 1059 904 1126 totius
927 1066 1032 1126 terrae
1055 1067 1088 1127 et
1109 1059 1208 1126 totius
1230 1058 1330 1140 caeli,
1356 1059 1479 1126 dietum

338 1162 439 1230 inisse
461 1183 594 1230 neeesse
616 1170 682 1245 est,
708 1183 883 1230 aereaere
912 1163 946 1230 in
968 1163 1115 1230 versibus
1139 1165 1300 1228 318-23
1323 1163 1480 1247 probatur

339 1266 462 1332 eaelum
485 1271 585 1332 totum
607 1266 750 1332 nativum
773 1266 900 1332 mortali
921 1285 1053 1350 eorpore
1069 1273 1215 1332 constare
1235 1265 1334 1350 (321).
1374 1263 1478 1330 Simul

338 1375 444 1434 autem
468 1376 603 1454 apparet
624 1388 665 1434 ex
687 1369 794 1436 verbis

425 1473 487 1535 318
514 1471 662 1536 ...iam
685 1479 771 1536 tuere
794 1472 862 1548 hoo,
887 1471 1005 1536 eireum
1026 1493 1184 1556 supraque
1207 1472 1293 1556 quod
1312 1493 1433 1535 omnem

514 1573 651 1638 eontinet
673 1575 819 1657 amplexa
843 1583 961 1639 terrum

337 1675 475 1760 primum
498 1669 644 1760 quidem,
677 1683 775 1744 antea
801 1676 841 1743 de
864 1678 953 1744 eaelo
975 1697 1048 1744 enm
1076 1698 1140 1744 non
1169 1675 1312 1756 dixisse3
1344 1676 1472 1758 deinde,

337 1776 378 1843 de
401 1783 488 1844 terra
509 1776 645 1844 dixisse.
692 1779 790 1862 Atqui
818 1780 852 1845 in
880 1780 1035 1865 proximis
1064 1781 1210 1847 versibus
1239 1787 1325 1846 terra
1347 1778 1476 1846 omnino

337 1900 401 1945 non
430 1881 705 1947 commemoretur.
758 1882 880 1948 Versus
913 1881 1044 1965 quidem
1075 1885 1256 1961 eoo-17,
1292 1883 1327 1948 in
1360 1881 1476 1966 quibus

337 1991 492 2065 monetur,
518 1991 623 2050 turres
645 2005 684 2050 ao
707 2005 787 2050 saxa
810 2004 901 2052 mere
924 1985 1010 2051 vieta
1032 1986 1073 2051 ab
1088 2005 1179 2066 aevo,
1205 1985 1292 2069 quod
1308 2005 1370 2052 non
1385 1985 1476 2051 feee-

338 2092 418 2176 rent,
445 2086 473 2152 si
496 2107 537 2154 ex
559 2086 684 2152 infinito
706 2087 814 2153 omnia
827 2095 985 2155 tormenta
1002 2089 1120 2156 aetatis
1136 2089 1394 2175 pertolerassent,
1413 2108 1474 2173 pro

336 2189 423 2254 exitu
436 2188 666 2274 disputationis
679 2189 943 2257 demutabilitate
955 2198 1053 2274 atque
1061 2190 1254 2257 mortalitate
1263 2191 1361 2256 totius
1369 2197 1476 2256 terrae

337 2293 419 2358 bene
441 2300 576 2378 possunt
597 2292 727 2370 haberi,
752 2293 810 2361 sed
838 2301 945 2360 textus
972 2293 1102 2360 traditio
1130 2293 1214 2359 haue
1234 2293 1476 2379 interpretatio-

336 2413 409 2459 nem
433 2400 521 2460 areet
543 2395 756 2481 imponitque,
791 2397 962 2480 quominus
987 2397 1061 2462 illos
1090 2416 1203 2464 versus
1231 2416 1302 2462 enm
1333 2400 1388 2460 251
1406 2399 1474 2460 -6

336 2494 579 2580 compegimus,
598 2517 670 2564 eum
687 2498 802 2581 quibus
818 2518 874 2565 eos
890 2498 1061 2565 eonvenite
1076 2498 1281 2565 manifestum
1297 2505 1356 2566 est.
1388 2497 1474 2574 Quin

335 2600 433 2665 etiam
456 2601 603 2667 versibus
627 2605 786 2666 sol-72.
813 2604 971 2668 273-80.
999 2601 1169 2667 281-305
1196 2602 1399 2688 perlustratis
1421 2603 1474 2667 in-

335 2702 520 2787 tellegimus
531 2703 630 2770 verba
639 2726 721 2788 pora
736 2704 838 2770 terrm
852 2707 935 2786 (251)
949 2705 992 2771 ari
1003 2706 1108 2790 ipsam
1120 2713 1279 2772 terrenam
1293 2705 1470 2787 materiam,

336 2804 386 2870 oui
402 2825 494 2871 umor
509 2825 566 2871 aer
586 2806 672 2891 ignis
691 2808 840 2893 opposita
857 2815 941 2889 sunt,
967 2806 1136 2874 referenda
1151 2827 1233 2888 esse,
1260 2828 1357 2893 aquo
1377 2809 1473 2874 abso-

335 2927 411 2972 unm
434 2907 562 2991 quidem
586 2914 650 2990 est,
677 2909 761 2993 qnod
783 2909 817 2975 in
839 2911 985 2976 versibus
1008 2913 1172 2976 257-60
1195 2917 1280 2976 terra
1309 2930 1367 2995 pro
1396 2929 1475 2996 per-

334 3028 414 3075 sona
435 3009 581 3076 habetur.

420 3111 515 3190 Quod
537 3113 636 3198 igitur
658 3115 838 3200 expositum
862 3116 901 3181 iri
924 3135 964 3183 ex
986 3115 1133 3184 versibus
1160 3119 1308 3182 318-23
1331 3116 1474 3199 itemque

335 3235 376 3282 ex
405 3218 567 3282 306-17
597 3224 705 3284 nostro
734 3217 802 3284 iure
831 3225 1075 3304 exspectamus,
1112 3218 1145 3285 id
1174 3219 1208 3284 iu
1236 3225 1325 3285 textu
1353 3217 1474 3285 tradito

334 3338 395 3383 uon
420 3319 548 3404 legitur.

419 3421 513 3488 Nono
535 3431 571 3488 ut
593 3423 822 3504 examinemus,
849 3423 928 3507 quid
950 3423 1130 3508 argumenti
1152 3442 1265 3489 versus
1288 3425 1471 3488 nor-305

332 3524 490 3606 habeant,
523 3525 669 3592 versibus
699 3529 758 3590 251
779 3563 814 3574 -
829 3531 868 3591 60
903 3526 1139 3592 demonstratur
1171 3534 1289 3591 terram
1313 3525 1406 3591 libari
1440 3533 1473 3591 et

332 3635 460 3694 anetam
476 3629 624 3707 remeari,
643 3628 790 3695 versibus
802 3631 860 3692 261
875 3631 951 3691 -72
964 3649 1104 3694 umorem
1116 3636 1271 3715 perpetuo
1284 3635 1317 3694 et
1327 3648 1473 3695 creseere

333 3736 366 3795 et
387 3748 599 3809 evanescere3
630 3731 777 3796 versibus
800 3732 961 3796 273-80
985 3751 1061 3798 aera
1082 3751 1146 3797 non
1169 3750 1296 3797 cessare
1319 3731 1409 3816 gigni
1432 3730 1473 3798 de

332 3830 1475 3917 rebnsetinresreeidere;versibus281-305solemlnnamstellasqne

378 3938 441 4000 303
465 3958 503 4000 ea
525 3936 588 4000 alio
610 3944 703 4020 atque
725 3935 789 4000 olio
812 3937 912 4000 lucem
934 3937 1055 4002 iactare
1076 3938 1206 4002 suborta

464 4046 496 4102 et
514 4039 653 4122 primum
668 4039 823 4124 quidquid
834 4038 1043 4125 flammarum
1059 4041 1195 4124 perdere
1218 4061 1356 4123 serapem·

463 4141 656 4206 inviolabilia
679 4141 755 4206 haec
778 4165 816 4204 ue
838 4143 949 4206 eredas
961 4143 1057 4229 forte
1079 4142 1192 4227 uipera

331 4244 479 4328 Denique
494 4243 538 4324 id,
557 4243 642 4328 quod
658 4247 784 4308 aas-7
798 4244 916 4311 dietum
933 4251 1012 4328 erat,
1031 4253 1136 4312 terrae
1148 4264 1265 4330 eorpus
1281 4253 1315 4312 et
1329 4265 1477 4313 umorem
