3262 4926
796 413 1010 474 ,20-

338 597 690 664 confirmationem
718 599 765 665 cis
788 600 953 666 contineri.
999 601 1042 665 At
1073 619 1143 665 cum
1173 598 1334 664 interdum
1356 597 1482 662 timea-

338 720 426 780 mua,
458 721 541 784 quae
564 702 691 768 omnino
713 723 776 768 nou
799 703 940 769 timenda
963 712 1059 783 ‘suut
1092 701 1278 786 sequitur
1305 701 1412 785 potius
1442 699 1480 764 id

336 801 421 884 inde,
448 803 532 886 quod
553 811 664 870 nostra
686 805 753 871 vita
774 806 879 872 omnia
901 806 934 872 io
956 807 1097 872 tenebris
1116 807 1251 871 laborat.
1298 803 1342 870 Ut
1364 811 1477 868 autem

337 905 516 971 sententiae
536 905 620 972 inter
642 925 677 972 se
699 927 761 973 non
790 916 926 992 possunt
953 909 1119 992 coniungi,
1145 908 1192 974 ita
1221 907 1352 990 singula
1374 906 1480 972 verba

337 1008 545 1074 offensionem
562 1011 729 1094 praebent.
769 1013 817 1077 Ac
839 1012 978 1097 primum
1000 1012 1129 1095 quidem
1153 1011 1311 1096 displicet,
1333 1009 1418 1094 quod
1442 1009 1477 1073 iu

337 1111 439 1176 tribus
451 1132 489 1177 ac
498 1131 600 1196 paene
612 1132 646 1178 ee
659 1113 894 1198 excipientibus
902 1115 1048 1181 versibus
1059 1114 1140 1180 illud
1152 1115 1186 1178 in
1199 1113 1334 1178 tenebrae
1345 1111 1479 1177 diversa

337 1214 570 1297 significatione
592 1216 761 1301 repetitum
784 1227 843 1284 est.
890 1220 926 1283 ln
956 1239 1051 1286 versu
1079 1219 1163 1284 enim
1194 1222 1234 1281 54
1258 1215 1478 1300 metaphorice

337 1317 455 1383 dictum
479 1328 544 1384 est:
577 1319 693 1386 deiude
718 1322 848 1407 propria
877 1322 1005 1388 notione
1027 1323 1085 1398 (rio
1108 1321 1239 1386 Dookel
1259 1322 1316 1385 der
1336 1319 1473 1400 Nocte).

338 1422 508 1488 Praeterea
523 1423 551 1488 si
566 1423 613 1488 sio
627 1424 827 1507 colligimus:
852 1425 1037 1488 empireum
1053 1424 1119 1488 vito
1134 1425 1167 1488 io
1183 1426 1317 1489 tenebris
1331 1424 1478 1496 laboret,-

338 1547 410 1588 nom
434 1526 532 1589 veluti
546 1525 644 1608 priori
665 1573 673 1589 .
695 1577 701 1592 .
724 1578 730 1591 .
756 1528 801 1591 oio
822 1549 878 1592 ooo
899 1529 933 1591 in
959 1529 1027 1591 lucc
1051 1528 1193 1592 timemur
1215 1526 1398 1591 interdum.
1420 1577 1427 1589 .
1450 1575 1473 1602 .,

338 1627 466 1693 omnia
496 1628 583 1694 vita
611 1637 643 1694 et
671 1629 870 1694 interdum
901 1631 1085 1696 tiruemua
1115 1650 1178 1696 nou
1208 1637 1294 1696 recte
1323 1629 1408 1695 inter·
1438 1649 1476 1694 sc

339 1737 550 1814 opponuntur.

425 1833 463 1898 ln
485 1834 570 1900 tertii
591 1854 666 1900 vero
689 1836 762 1901 libri
784 1837 947 1921 prooemio
969 1857 1033 1902 non
1049 1837 1153 1902 minua
1168 1837 1254 1902 male
1268 1836 1342 1901 illos
1359 1853 1477 1900 verena

338 1936 480 2002 adiectos
503 1957 575 2003 esso
598 1959 639 2004 ex
662 1939 782 2005 eisdem
806 1939 911 2006 verbis
926 1941 1083 2004 interdum
1099 1940 1241 2003 timemus
1258 1937 1474 2022 cognoscitur.

338 2038 480 2124 Exponit
501 2041 585 2105 enirn
607 2048 703 2126 poeta
724 2042 765 2107 de
787 2049 872 2118 metu
896 2043 1023 2108 mortis:
1056 2043 1140 2107 huno
1161 2061 1280 2108 vexare
1304 2040 1475 2126 pudorem,

338 2146 422 2208 hunc
443 2143 572 2209 vincula
594 2145 755 2210 amicitiae
777 2166 927 2230 rumpere
949 2154 981 2211 ct
1001 2147 1035 2211 in
1058 2165 1184 2211 summa
1207 2145 1359 2230 pietatem
1383 2164 1480 2210 ever-

340 2253 407 2312 tere
427 2246 534 2312 clade:
559 2269 634 2311 nom
656 2248 720 2312 iam
742 2271 834 2332 caepe
853 2248 992 2312 hominos
1008 2248 1153 2332 patra'om
1168 2269 1318 2332 carosque
1328 2248 1480 2329 porentia

556 2351 780 2434 prodcderont,
806 2351 906 2415 citare
931 2351 1109 2416 Acherusio
1133 2351 1250 2435 templa
1266 2359 1422 2434 petentes.

340 2454 480 2536 Pergunt
502 2453 600 2536 igitur
621 2453 694 2519 libri
717 2454 781 2520 sic:

468 2579 542 2620 raom
564 2557 663 2621 ueluti
686 2609 692 2622 .
721 2608 727 2621 .
758 2607 764 2620 .

473 2709 692 2724 .......
719 2661 764 2723 cic
786 2683 842 2724 noo
864 2661 897 2724 io
920 2662 988 2724 loce
1012 2662 1153 2724 timemus

470 2763 639 2840 interdum,
663 2764 729 2827 nilo
753 2785 833 2848 quoe
854 2772 927 2828 aaut
941 2765 1106 2828 metuendo
1124 2763 1225 2848 maqis
1240 2785 1333 2847 quom
1350 2785 1376 2824 e.
1397 2785 1428 2846 q.
1449 2785 1478 2826 s.

341 2864 406 2930 Sed
428 2865 596 2942 interdum,
621 2865 707 2948 quod
728 2865 770 2930 ad
786 2885 878 2932 curae
893 2865 1057 2930 hominum
1072 2866 1106 2930 in
1122 2865 1305 2931 universum
1323 2865 1480 2948 pertinet,

307 2983 310 2988 ·
340 2967 464 3032 abhoc
492 2968 721 3034 sententiarum
751 2987 873 3034 conexu
903 2967 1043 3034 alienum
1072 2975 1137 3045 eat,
1171 2967 1324 3049 quoniam
1353 2966 1387 3030 in
1419 2966 1485 3032 hoc

341 3071 504 3155 prooemio
526 3077 590 3136 toto
612 3071 653 3137 de
676 3077 761 3137 certo
783 3072 893 3137 mortio
915 3079 1001 3137 metu
1024 3069 1198 3149 cormeill,

438 3175 639 3260 fonditus
661 3173 830 3238 humanam
853 3174 909 3258 qui
929 3175 1026 3238 vitam
1049 3175 1155 3237 turbat
1176 3172 1216 3236 ab
1238 3172 1311 3249 imo,

450 3277 582 3342 omnio
603 3277 790 3363 ooffuodcno
811 3278 923 3340 mortio
945 3277 1082 3361 uiprore,
1107 3297 1233 3360 oeque
1255 3275 1379 3338 ollam

449 3402 514 3443 croc
536 3381 726 3463 voluptutem
750 3379 901 3464 liquatam
917 3401 1095 3464 puramque
1117 3378 1279 3463 relinquit,

340 3503 403 3565 quo
424 3482 569 3549 homines
591 3505 655 3550 nou
677 3482 835 3549 interdum
858 3491 998 3562 tantum,
1031 3482 1089 3548 sed
1116 3501 1244 3565 semper
1267 3479 1486 3562 omnibusque

340 3587 372 3652 iu
395 3586 491 3652 rebus
513 3589 718 3672 anguntur¹).

426 3689 561 3756 Accedit
590 3691 675 3771 quod
704 3689 808 3755 eidem
832 3708 943 3754 versus
972 3688 1006 3753 in
1028 3687 1092 3753 fine
1120 3685 1275 3772 prooemii
1298 3685 1381 3751 sexti
1404 3686 1485 3754 libri

341 3797 480 3868 exstant,
506 3793 562 3858 ubi
583 3793 747 3876 egregium
770 3811 900 3857 sensum
916 3791 1080 3875 praebent.
1121 3789 1324 3874 Quapropter
1337 3809 1401 3854 non
1418 3789 1488 3854 du-

342 3896 417 3972 bito,
443 3897 519 3978 quin
542 3904 574 3962 et
596 3896 629 3960 in
653 3894 793 3961 secundo
809 3901 842 3960 et
857 3895 889 3958 in
907 3893 1001 3960 tertio
1024 3895 1106 3959 libro
1128 3912 1228 3967 nona
1242 3891 1390 3958 Lucretio
1406 3891 1487 3977 ipso

340 3999 449 4065 iterati
471 4000 546 4066 sint.
592 3999 675 4064 Eum
698 4005 816 4075 autem,
842 3997 897 4080 qui
920 3997 1054 4063 secundi
1076 4003 1108 4061 et
1126 3995 1211 4060 tertii
1226 3994 1301 4060 libri
1315 3997 1488 4077 prooemia

242 4095 246 4104 ’
341 4103 386 4168 ita
410 4103 580 4169 emendare
602 4102 732 4176 studuit,
758 4109 855 4167 uteo
881 4101 1004 4183 aliquot
1024 4099 1171 4165 versibus
1194 4097 1396 4164 Lucretianio
1420 4119 1488 4164 au-

412 4328 427 4384 ¹>
451 4325 523 4379 idem
542 4325 629 4379 scutit
647 4323 799 4378 Goeltelius
817 4323 959 4377 observat.
979 4337 1026 4392 pg.
1048 4323 1090 4374 23.
