3258 4928
573 403 618 416 -
665 371 748 452 [εστ]
797 405 841 416 -
1217 369 1279 433 223

147 557 244 624 ἐστι.
288 557 398 622 Ιθῖθυι
422 556 614 640 διαδέχεται
635 553 752 644 δήτήν
773 549 876 642 ὀλίγῳ
898 553 1067 640 πρότερον
1084 553 1279 635 ἐξετασθεῖ-

148 683 208 728 σαν
223 655 402 728 ἀντίθεσιν
417 659 515 745 έτέρα
534 657 707 747 τοιαύτη
727 662 836 742 τιςῑ).
876 664 971 726 uuum
995 654 1013 747 ή
1029 660 1092 743 μέν
1107 657 1146 745 δή
1163 657 1277 747 πρώτη

148 772 210 830 τῶν
225 757 395 850 διρμονιιῖιν
421 813 426 826 .
448 811 455 826 .
477 813 484 826 .
509 761 652 828 τοιάδε
675 767 740 840 τίς
763 761 854 828 ἐστι
880 761 966 828 κατὰ
988 762 1049 828 τὸν
1069 769 1275 850 χαρακτῆρα.

143 863 186 934 Ἡ
206 867 243 934 δέ
266 865 351 952 μετὰ
374 864 498 953 ταύτην
523 917 529 930 .
552 917 586 932 ..
613 865 762 954 τοιαύτη.

228 992 259 1056 p.
280 974 386 1036 9772ss
410 969 506 1034 Κατὰ
529 973 562 1034 τί
584 967 622 1056 δή
646 967 771 1056 ταύτην
791 962 935 1056 ήγοῦμαι
951 967 1011 1055 τήν
1026 969 1117 1049 λέξιν
1133 967 1278 1034 ἐοικέναι

144 1082 179 1160 τῇ
204 1073 431 1144 Θουκυδίδου;
461 1067 546 1138 καθ’
566 1071 583 1138 ὃ
607 1066 765 1160 κάκείνην
788 1077 958 1154 πείθομαι
987 1071 1134 1154 μάλιστα
1157 1073 1278 1159 διαφέ-

145 1201 214 1262 ρειν
234 1185 300 1244 τῶν
323 1173 444 1242 άλλων.
470 1178 563 1242 τουτὶ
586 1171 617 1241 δ’
637 1175 708 1242 ε”στὶ
731 1174 768 1242 τὸ
784 1175 829 1264 μή
850 1171 925 1241 κατ’
944 1170 1085 1243 εὐθεῖαν
1100 1175 1279 1264 ἑρμηνείαν

145 1281 359 1369 ἐξενηνέχθαι
384 1279 425 1344 τά
447 1280 599 1369 νοήματα
622 1275 703 1368 μηδ’
722 1274 765 1357 ὡς
789 1279 860 1346 ἔστι
883 1293 953 1357 τοῖς
977 1276 1091 1358 ἄλλοις
1114 1278 1273 1367 σύνηθες,

144 1387 252 1470 λέγειν
274 1378 390 1461 άπλιῖις
413 1385 468 1448 καί
493 1378 643 1470 ἀφελῶς,
672 1379 757 1448 ἀλλὰ
781 1382 988 1470 ἐξηλλάχθαι
1019 1387 1075 1449 καὶ
1106 1378 1277 1468 ἀπεστρά-

145 1495 235 1576 φθαι
257 1486 317 1576 τήν
339 1485 513 1554 διάλεκτον
536 1487 570 1552 έκ
593 1495 658 1552 τῶν
673 1485 710 1553 έν
725 1486 800 1553 έθει
816 1489 870 1551 καί
888 1486 973 1553 κατὰ
991 1485 1096 1574 φύσιν
1112 1487 1160 1566 εἰς
1176 1487 1217 1552 τὰ
1231 1486 1275 1576 μή

144 1589 273 1680 συνήθη
304 1603 374 1668 τοῖς
403 1592 542 1667 πολλοῖς
570 1585 649 1678 μηδ’
676 1584 720 1668 ὡς
752 1583 767 1678 ή
800 1587 902 1678 φύσις
932 1586 1080 1656 ἀπαιτεῖ.
1127 1591 1277 1658 Colorum

143 1705 298 1764 structura
328 1695 493 1778 formaque
520 1694 613 1760 docet
642 1695 749 1761 verbis
778 1688 858 1781 μηδ’
884 1688 927 1771 ὡς
959 1687 975 1782 ή
1008 1691 1110 1782 φάσις
1140 1687 1277 1760 ἀπαιτεῖ

143 1799 333 1884 respondere
349 1798 407 1863 illa
421 1795 495 1884 μηδ’
513 1791 556 1874 ὡς
573 1797 645 1862 έστι
659 1810 730 1874 τοῖς
747 1792 860 1874 άλλοις
877 1795 1024 1885 σύνηθες
1042 1799 1152 1883 λέγειν
1163 1791 1278 1876 άπλιῖις

143 1904 199 1969 καὶ
222 1897 366 1990 άφελιῖις.
414 1902 515 1968 Simul
538 1903 636 1968 verba
658 1903 768 1986 λέγειν
791 1895 906 1978 διπλοῖς
936 1903 991 1966 καὶ
1015 1896 1148 1988 ἀφελῶς
1176 1923 1277 1969 enun-

143 2009 291 2073 tiatorum
314 2006 555 2072 accuratissima
571 2006 777 2090 responsione
793 2005 999 2072 damnantur:
1020 2007 1163 2091 ineptum
1178 2006 1276 2071 inter-

142 2115 376 2193 pretamentum
399 2115 472 2172 sunt
494 2108 556 2172 coli
580 2101 623 2183 ὡς
647 2106 718 2171 έστι
740 2118 811 2183 τοῖς
835 2102 949 2183 ἄλλοις
972 2106 1129 2194 σύνηθες.

226 2231 260 2294 p.
279 2213 384 2274 9802ss
408 2211 495 2274 Inter
509 2208 732 2293 Thucydidiae
755 2209 842 2293 apud
857 2209 1105 2276 Demosthenem
1128 2209 1276 2277 diationis

140 2313 290 2396 exempla
301 2312 477 2396 Dionysiae
489 2333 522 2396 p.
533 2315 654 2377 97912ss
667 2332 706 2378 ex
716 2312 859 2378 Midiana
871 2313 1107 2397 paragraphum
1116 2316 1157 2377 69
1169 2313 1273 2378 affert.

141 2415 267 2482 Deinde
289 2417 394 2500 pergit
417 2419 449 2479 τί
471 2411 510 2502 δή
536 2413 642 2482 πάλιν
665 2413 756 2481 ἐστὶν
779 2413 816 2481 έν
838 2413 970 2492 τούτοις
992 2412 1028 2480 τὸ
1048 2411 1277 2500 συνταράττον

141 2516 201 2606 τήν
223 2515 309 2583 κατὰ
333 2517 438 2604 φύσιν
461 2512 689 2604 άπαχχελίανς
717 2519 889 2602 Sequentia
911 2519 1083 2603 Sylburgio
1106 2519 1221 2603 partim
1245 2526 1276 2584 et

139 2622 353 2689 Ambrosiano
376 2623 560 2689 auctoribus
582 2624 628 2688 im
650 2623 826 2688 constituo:
867 2626 1011 2708 Πρῶτον
1040 2621 1104 2705 μέν
1133 2619 1170 2686 τὸ
1193 2623 1277 2706 πρίν

141 2719 330 2810 ἀπαρτίσαι
353 2717 390 2790 τὸ
416 2719 601 2812 ήχοάμενον
622 2723 689 2790 εἴτε
711 2723 822 2812 νόημα
844 2722 906 2812 χρή
930 2727 1039 2810 λέγειν
1065 2724 1131 2791 εἴτε
1154 2725 1270 2804 κῶλον,

139 2827 256 2911 ἕτερον
277 2829 522 2914 παρεμβαλεῖν,
549 2829 606 2893 καὶ
627 2828 711 2914 μηδὲ
737 2835 797 2895 τοῦ
827 2828 985 2915 δευτέρου
1015 2829 1109 2905 τέλος
1140 2826 1276 2910 έχοντος

138 2928 177 2997 τὸ
201 2935 315 3017 τρίτοις
337 2929 528 3011 ἐπιζεῦξαι,
555 2925 628 2996 εἶτα
650 2928 712 3018 τήν
734 2939 794 2998 τοῦ
817 2931 975 3017 δευτέρου
1002 2929 1171 3019 νοήματος
1195 2924 1275 2996 άκο-

138 3035 287 3102 λουθίαν
310 3031 368 3100 ἐπὶ
391 3041 437 3120 τῷ
459 3039 560 3118 τρίτῳ
587 3033 682 3110 τέλος
704 3033 860 3122 εἰληφότι
882 3040 1008 3113 θεῖναι,
1042 3029 1186 3100 κᾶπειτα
1216 3031 1303 3100 tntu

136 3145 256 3220 πᾶσιν,
284 3135 301 3203 δ
325 3144 385 3204 τοῦ
407 3135 543 3224 πρώτου
565 3141 667 3222 μέρος
688 3127 739 3226 ἦν,
773 3135 829 3204 διά
850 3145 983 3224 μακροῦ
1004 3139 1061 3204 καί
1083 3132 1195 3204 οὐκέτι
1216 3145 1276 3226 τῆς

137 3241 293 3319 διανοίας
317 3235 398 3308 αὐτὸ
423 3240 698 3330 προσδεχομένης
720 3236 928 3308 άποδοῖιναι·
956 3236 1069 3325 Ἐμοὶ
1099 3241 1140 3308 δὲ
1167 3238 1210 3318 ὃς
1231 3279 1275 3290 -

137 3339 237 3410 οὔπω
260 3351 360 3411 τοῦτο
382 3345 478 3422 τέλος
504 3343 573 3427 ἕχει
593 3383 637 3396 -·
664 3343 751 3410 ε’ίτε
781 3368 846 3423 τις
875 3333 901 3410 ὦ
920 3338 1145 3432 Ἀθηναῖοι
1171 3341 1275 3426 βοά-

136 3448 259 3513 λεται
280 3453 460 3531 νομίσαι
476 3454 636 3531 μανίαν
649 3487 693 3497 -
708 3447 823 3534 ἕτερον
837 3455 936 3515 τοῦτο
952 3452 1201 3535 κεχωρισμένον
1214 3453 1275 3513 τοῦ

136 3556 321 3636 προτέρου,
358 3545 473 3628 άτελές
502 3553 559 3617 καί
589 3547 671 3619 αὐτὸ
694 3589 737 3602 -·
759 3557 890 3635 μανία
921 3548 997 3638 γὰρ
1026 3551 1126 3628 ἰ’σως
1157 3549 1324 3616 έστὶνιυ

47 3649 59 3662 ’
134 3646 245 3738 ὑπὲρ
269 3651 452 3737 δύναμίν
474 3679 512 3721 τι
534 3668 680 3722 ποιεῖν
701 3693 742 3710 -
765 3650 944 3740 οὐδετέρου
966 3661 1065 3720 τοῦτο
1088 3652 1195 3719 πάλιν
1209 3660 1276 3720 τῶν

135 3761 395 3843 προειρημένων
408 3763 520 3842 μέρος,
548 3753 624 3824 ἀλλ’
643 3753 726 3826 αὐτὸ
748 3753 831 3826 καθ’
850 3751 943 3838 αὑτὸ,
961 3753 1195 3845 κεφαλαιώδης
1210 3755 1275 3843 γάρ

135 3882 190 3937 τις
212 3858 304 3926 ἐστίν
330 3854 509 3948 ἀπόφασις
530 3899 573 3910 -
602 3861 689 3928 εἴτε
718 3865 787 3928 καί
817 3863 1075 3950 φιλοτιμίαν
1101 3897 1144 3910 -
1175 3867 1273 3928 τοῦτο

135 3963 174 4028 δὲ
198 3970 259 4030 τοῦ
280 3963 438 4050 δευτέρου
461 3971 563 4052 μέρος
591 3955 633 4053 ἦν
654 3973 715 4033 τοῦ
745 3966 838 4046 ,εἴτε
868 3989 918 4042 τις
948 3962 1107 4048 βούλεται
1135 3970 1274 4048 νομίσαι

133 4072 283 4150 μανίαν*
308 4069 378 4132 κτλ.
1292 4085 1321 4133 15

208 4293 227 4354 ¹)
248 4291 367 4347 Vlietiua
387 4307 413 4362 p.
430 4293 476 4346 83:
501 4309 543 4351 τις
561 4290 704 4352 ἀντίθεσις
723 4293 791 4350 ΜΒ.
