3304 4928
624 489 663 497 -
712 449 807 534 [223]
854 488 897 498 -
1291 425 1332 516 ro
1420 479 1421 482 κ

183 644 339 727 quidquid
375 649 432 708 aut
463 646 578 710 omisso
610 650 723 726 poetae
758 644 946 726 fabulaeque
978 644 1104 709 nomine
1135 651 1192 710 aut
1223 647 1333 710 addito

184 751 319 834 simplici
347 751 474 815 nomine
506 743 743 837 Ἀριστοφάνης
770 773 790 815 a
815 749 914 816 Suida
940 750 1094 816 afferatur
1116 759 1216 818 -et
1242 752 1334 836 longe

184 858 327 940 plurimis
345 858 423 923 locis
438 857 552 922 Suidas
571 858 632 923 hac
650 856 768 922 nitendi
787 858 911 924 ratione
924 858 1027 922 utitur
1043 897 1084 906 -
1099 858 1159 924 hoc
1173 879 1212 924 ex
1226 861 1334 925 codice

186 964 419 1048 Aristophaneo
443 985 499 1030 suo
519 963 654 1030 Suidam
676 965 780 1048 ipsum
803 965 1014 1048 descripsisse.
1039 1003 1080 1015 --

274 1073 418 1155 Denique
437 1093 506 1136 cnm
526 1070 715 1155 Hesychio
739 1078 771 1136 et
793 1093 863 1135 cum
882 1071 1032 1137 Lexicis
1051 1071 1333 1156 Seguerianis1)

183 1178 239 1242 uix
274 1178 341 1242 nlla
377 1178 608 1244 necessitudine
645 1176 761 1244 Suidae
799 1179 1023 1244 adnotationes
1055 1179 1237 1255 cohaerent,
1279 1200 1336 1242 nec

184 1283 276 1349 facile
300 1285 535 1370 Aristophanen
556 1284 606 1354 his
630 1290 662 1349 et
685 1283 802 1350 Suidae
826 1287 1004 1351 communia
1026 1286 1175 1370 reperies,
1199 1306 1279 1369 quoe
1303 1287 1334 1350 iu

184 1389 312 1455 scholiis
335 1391 462 1456 RVeG
484 1413 547 1457 non
571 1397 701 1458 seruata
723 1393 796 1456 sint.

579 1570 716 1634 CAPVT
740 1569 939 1634 TERTIVM.

708 1695 804 1774 523.

273 1820 332 1883 His
345 1820 526 1902 praemissis
540 1821 603 1884 iam
613 1841 684 1884 cum
694 1821 857 1884 uariorum
866 1818 1020 1884 librorum
1028 1819 1335 1909 Aristophaneornm

185 1927 312 1992 scholiis
332 1927 449 1992 Snidae
472 1929 694 1994 adnotationes
717 1927 751 1989 in
775 1925 1044 2009 comparationem
1067 1946 1223 1992 uocemue.

276 2033 314 2097 In
338 2035 504 2099 enotandis
532 2041 638 2099 antem
665 2033 795 2099 scholiis
822 2033 931 2114 dispar
958 2031 1019 2097 luit
1042 2031 1158 2098 Snidae
1181 2054 1279 2117 opera
1301 2035 1334 2097 in

186 2140 321 2205 diuersis
339 2140 464 2218 fabulis,
487 2163 557 2207 cum
581 2142 613 2206 in
634 2141 716 2206 Pace
740 2145 772 2205 et
795 2140 828 2202 in
852 2138 1021 2224 Equitibus
1044 2140 1258 2224 copiosissima
1281 2163 1334 2206 ex-

186 2253 263 2324 tent,
289 2250 518 2332 propemodum
541 2247 690 2314 deficiant
713 2248 746 2310 in
770 2245 891 2329 Vespis,
918 2247 1041 2312 rariora
1064 2255 1096 2313 et
1118 2247 1267 2313 breuiora
1289 2249 1334 2314 le-

186 2360 300 2437 gantur
323 2355 355 2418 in
379 2355 618 2431 Ecclesiazusis,
640 2353 986 2436 Thesmophoriaznsis,
1014 2354 1204 2438 Lysistrata,
1230 2354 1335 2420 idest

185 2461 224 2525 iis
247 2461 324 2544 ipsis
351 2461 383 2526 in
412 2461 540 2538 fabulis,
572 2482 706 2544 quarum
732 2460 825 2525 nohis
852 2481 977 2544 quoque
1006 2459 1144 2524 omnium
1172 2460 1333 2525 rarissima

185 2571 296 2632 extant
319 2568 446 2634 scholia.
487 2567 570 2632 Hinc
593 2568 653 2634 etsi
676 2589 739 2634 non
764 2565 899 2632 efficitur
918 2566 1049 2632 Suidam
1072 2567 1105 2630 in
1130 2567 1333 2650 excerpendis

185 2671 235 2738 his
254 2674 371 2740 fabulis
390 2676 452 2756 alio
472 2675 607 2740 fortasse
625 2674 706 2740 libro
725 2674 846 2739 minore
865 2673 1057 2739 scholiorum
1075 2674 1166 2758 copia
1180 2673 1336 2738 instructo
1370 2709 1375 2720 ·

186 2801 276 2846 nsum
300 2802 381 2858 esse,
404 2787 509 2846 temen
533 2783 609 2847 licot
632 2780 732 2846 conici
757 2780 789 2846 in
812 2779 863 2845 his
887 2781 1058 2873 comoediis
1079 2782 1227 2846 omnium·
1243 2779 1335 2843 mini-

185 2909 272 2951 mum
294 2889 570 2970 grammaticorum
593 2889 839 2972 Byzantinornm
862 2888 1001 2952 studium
1030 2908 1068 2953 ao
1094 2886 1237 2952 laborem
1265 2907 1335 2951 uer-

186 2999 288 3059 satum
313 3017 388 3060 esse.

208 3115 213 3122 '
275 3100 324 3164 Ex
351 3102 449 3166 uariis
476 3109 583 3168 autem
615 3100 806 3166 scholiorum
835 3098 1139 3184 Aristophaneornm
1167 3099 1335 3184 generibus

186 3205 409 3272 desiderantur
431 3208 600 3292 praecipue
623 3207 743 3272 scholia
761 3208 938 3291 metrico2),
961 3229 1035 3273 raro
1054 3205 1261 3272 inueniuntur
1278 3207 1335 3271 ed-

185 3316 374 3390 notationes,
398 3337 479 3397 quac
502 3315 543 3379 ad
562 3313 751 3379 histrionum
771 3314 921 3398 chorique
940 3314 1095 3378 actionem
1115 3313 1284 3396 pertinent,
1302 3314 1336 3377 id

187 3421 270 3503 qnod
295 3441 381 3484 more
406 3420 522 3486 Snidae
545 3420 761 3504 lexicographi
785 3421 961 3504 explicatur
989 3440 1052 3483 non
1078 3419 1336 3486 commentarium

187 3529 217 3589 in
243 3527 367 3592 fabulas
396 3527 643 3610 Aristophaneus
672 3527 880 3610 conscriptnri
908 3527 962 3591 sed
991 3526 1111 3608 glossas
1138 3516 1224 3589 κατὰ
1248 3543 1335 3591 στοι-

183 3645 275 3716 χεῖον
303 3634 451 3698 collectas
474 3641 569 3719 atque
597 3627 769 3716 dispositae
796 3633 945 3717 exemplis
974 3654 1044 3697 cum
1072 3653 1111 3696 ex
1138 3632 1209 3695 aliis
1237 3632 1335 3714 scrip-

185 3739 307 3805 toribus
331 3745 398 3804 tum
422 3763 461 3804 cx
485 3739 697 3822 Aristophane
724 3741 832 3823 petitis
861 3739 1050 3804 illustratori
1079 3745 1112 3802 et
1140 3738 1358 3820 explicaturi

274 3847 322 3910 Ex
352 3847 483 3930 reliquis
511 3847 638 3912 scholiis
670 3869 734 3912 una
761 3870 835 3930 pars
864 3849 895 3912 in
928 3844 1100 3910 uerborum
1132 3843 1335 3910 obscurorum

185 3953 450 4036 interpretatione
479 3959 639 4030 uersatur,
671 3956 774 4019 ultera
800 3955 841 4020 ad
869 3977 920 4019 res
948 3958 1071 4036 spectat
1098 3957 1131 4016 et
1158 3951 1337 4034 conscripta

186 4067 234 4124 est
261 4062 303 4125 ad
329 4060 530 4143 explicandas
558 4060 765 4142 antiqnitates
794 4061 966 4136 scaenicas,
998 4057 1153 4141 publicas,
1184 4059 1336 4140 priuatus,

186 4189 319 4248 quarum
339 4169 457 4232 mentio
480 4166 518 4231 fit
537 4169 568 4231 in
588 4168 758 4232 comoediis
777 4166 1009 4250 Aristophanis,
1032 4165 1124 4230 etad
1143 4165 1336 4230 enarrandas

262 4329 279 4382 ¹l
299 4328 341 4382 ed.
362 4327 556 4380 Bachmannus
575 4325 602 4380 in
623 4326 782 4381 Anecdotis.

259 4415 279 4476 ⁹)
308 4415 343 4470 cf.
369 4431 440 4482 quoe
463 4414 621 4470 Dindorlius
649 4415 678 4469 in
702 4416 755 4470 uol.
780 4417 804 4470 li
820 4415 906 4484 prael.
932 4431 975 4483 pg.
1001 4413 1065 4468 XVI
1090 4415 1124 4468 de
1149 4415 1199 4468 Rir
1222 4411 1335 4466 scholiis

187 4505 309 4559 metricis
329 4503 481 4558 aduolauit.
