3258 4928
543 449 585 459 -
633 413 717 496 [661]
765 449 808 458 -
1207 418 1244 476 15

125 599 192 665 dunt
211 599 496 684 significationem
522 621 655 682 quorum
679 621 756 667 usus
780 623 851 668 cum
873 603 939 667 late
962 602 1103 686 patuerit
1124 601 1158 666 in
1174 622 1242 668 ser-

125 723 202 768 mone
223 705 362 786 vulgari,
388 704 446 768 ilia
474 724 598 786 quoquc
620 706 719 770 verba
747 706 897 788 copulata
925 706 959 768 in
989 724 1134 770 sermone
1163 707 1244 768 coti-

122 807 205 872 diano
220 828 280 872 non
298 807 401 872 minus
417 827 514 890 saepe
531 815 685 892 usurpata
701 828 773 874 esse
789 809 952 892 probatur.
995 807 1055 890 (uf.
1075 807 1112 870 L.
1128 807 1244 871 Stuen-
1306 865 1307 870 ,

122 910 183 992 kal,
207 912 243 972 de
274 910 474 973 Varroniano
502 911 665 974 verborum
682 911 891 996 formatione,
922 909 1127 993 Argentorati
1160 913 1241 972 1875

122 1034 187 1096 pag.
212 1017 270 1090 74;
311 1013 449 1093 Stinner,
483 1034 557 1097 pag.
589 1018 641 1089 13;
676 1013 838 1079 Woelfflin
867 1015 888 1078 1.
915 1015 936 1078 1.
969 1035 1045 1098 pag.
1076 1016 1134 1077 1113
1158 1015 1237 1094 sip).

196 1117 351 1200 Exempla
374 1116 454 1182 haec
479 1117 561 1181 sint:

197 1221 216 1302 1)
241 1221 455 1284 Subcrmurus:
494 1219 560 1285 dio.
586 1221 651 1284 inv.
676 1221 706 1303 Ι,
738 1226 786 1296 17,
806 1225 846 1284 25
874 1224 1042 1286 srrdumura
1064 1221 1239 1304 aliquare,

118 1323 167 1387 sat.
193 1329 226 1404 1,
246 1327 283 1402 8;
317 1324 421 1387 dmm.
447 1324 546 1388 Marc.
572 1327 624 1404 27,
655 1329 703 1400 11,
723 1331 760 1401 53
793 1325 978 1390 adverbium
1009 1324 1127 1406 legitur
1155 1323 1242 1406 apud

116 1427 270 1491 solroliast.
297 1427 375 1491 Bob.
401 1426 442 1490 ad
467 1426 534 1492 Cic.
561 1427 643 1492 Sest.
665 1428 729 1508 111,
757 1432 774 1491 3
803 1428 855 1510 (cf.
881 1428 948 1494 Cio.
973 1427 1025 1492 cd.
1049 1427 1146 1492 Orell.
1175 1427 1238 1490 vol.

117 1532 139 1594 V
161 1537 239 1613 part.
265 1533 284 1592 2
308 1551 383 1615 pag.
410 1533 473 1594 293
497 1550 578 1596 vers.
607 1533 674 1614 31).
922 1561 932 1578 ο

194 1635 214 1710 n)
241 1635 449 1717 Subcrispus:
481 1635 576 1700 Corn.
601 1635 657 1711 IV,
683 1639 735 1714 49,
756 1639 814 1710 113,
846 1635 912 1701 Cic.
940 1637 1030 1700 Verr.
1057 1635 1105 1715 Π,
1133 1637 1163 1714 2,
1188 1639 1240 1715 44,

116 1741 189 1813 1118;
215 1738 306 1802 Varr.
332 1759 357 1801 r.
378 1759 404 1801 r.
432 1743 461 1817 2,
482 1744 511 1818 5,
533 1744 562 1803 8.
590 1742 620 1816 2,
641 1742 670 1816 7,
690 1745 726 1819 53
753 1739 814 1803 lul.
833 1739 940 1805 Valer.
963 1759 1024 1804 rer.
1044 1746 1126 1821 gest.
1148 1739 1241 1802 Alex.

114 1847 140 1922 1,
163 1845 199 1905 13
221 1863 303 1925 pag„
319 1847 367 1918 16,
388 1847 404 1905 7
430 1842 481 1908 cd.
507 1843 640 1907 Zacher.

193 1945 273 2012 Cum
295 1945 531 2029 praepositione
555 1969 615 2028 per
637 1946 847 2028 compositum
877 1952 927 2010 est
949 1945 1143 2010 adiectivnm
1165 1967 1245 2026 pcr-

109 2049 246 2111 liberalis
275 2049 350 2112 Ter.
384 2047 511 2112 Phorm.
546 2055 575 2125 5,
597 2052 627 2127 3,
648 2052 698 2112 32.
753 2049 831 2113 Hoc.
858 2055 887 2127 t),
915 2052 1022 2127 1,21;
1056 2047 1243 2112 adverbium

104 2152 336 2234 perliberaliter
359 2151 455 2214 habet
477 2151 544 2216 Cic.
572 2152 665 2215 Rosc.
692 2152 762 2214 Am.
791 2153 923 2231 37,1118
954 2159 990 2213 at
1007 2149 1244 2232 perliberaliter·

106 2264 267 2339 operatum
293 2253 336 2318 id.
364 2255 429 2318 Au.
459 2259 509 2332 10,
529 2259 558 2334 4,
582 2258 631 2316 lb.

192 2359 228 2422 In
252 2365 395 2422 exuema
417 2356 478 2420 hac
502 2355 704 2439 paragrapho
727 2357 884 2421 accedant
906 2355 968 2420 duo
992 2357 1090 2422 verba
1114 2375 1245 2440 compo-

104 2467 176 2530 sita.
204 2480 288 2543 quae
311 2460 397 2544 apud
420 2481 517 2525 unum
542 2460 605 2542 legi
630 2459 851 2524 Cornificium:

193 2567 214 2646 11
247 2565 423 2646 Oppiorare
435 2565 488 2645 IV,
506 2567 559 2639 52,
572 2569 611 2626 65
629 2563 705 2648 quia
720 2601 756 2610 -
775 2585 828 2626 vos
843 2563 971 2626 auribus
987 2563 1062 2626 mais
1077 2563 1244 2645 opplorurc

100 2668 262 2734 desinitis:
289 2667 329 2732 cf.
356 2669 455 2751 gloss.
483 2657 584 2732 Labb.
611 2668 741 2750 opplere
765 2665 1004 2751 κατοδύρομαι.

190 2775 213 2854 a}
247 2775 514 2835 Trurrsuomerurc
536 2771 591 2852 IV,
612 2775 663 2846 50,
683 2773 723 2834 63
747 2771 778 2834 sr'
796 2771 886 2834 bodie
909 2771 955 2833 ors
979 2771 1238 2834 troosaamcrorr'.

638 2943 709 3027 §a

98 3047 157 3111 Dc
183 3046 373 3129 vulgaris
397 3045 682 3111 abundantiae
709 3045 915 3129 exemplis
939 3045 1242 3111 cornificianis

491 3156 527 3214 ct
550 3147 853 3216 Ciceronianis.

188 3284 284 3361 Quod
308 3286 445 3350 breviter
466 3305 565 3369 supra
588 3285 905 3352 commemoravimus
934 3285 1059 3368 copiam
1083 3283 1243 3368 quandam

89 3388 234 3452 dicendi
258 3395 289 3454 et
312 3389 541 3454 abundantiam
564 3389 596 3452 in
621 3409 767 3456 sermone
790 3387 914 3470 vulgari
944 3388 978 3452 in
1008 3407 1067 3451 usu
1098 3407 1183 3468 esse,
1211 3389 1243 3453 id

90 3491 213 3554 multis
237 3509 275 3555 ae
299 3493 396 3556 variis
420 3512 461 3557 ex
484 3493 579 3558 rebus
603 3491 809 3574 intellegitur.
851 3491 1022 3556 Vocabnlis
1039 3492 1135 3570 enim,
1161 3511 1244 3572 quae

87 3595 169 3676 ipsa
196 3613 287 3675 cam,
314 3615 378 3677 qua
402 3616 481 3678 opus
505 3595 563 3676 sit,
590 3596 750 3660 notionem
775 3595 853 3658 satis
876 3595 1071 3678 exprimant,
1099 3595 1165 3659 alia
1187 3615 1245 3659 vo-

86 3697 218 3761 cabula
242 3697 327 3762 idem
350 3699 403 3762 vel
427 3699 532 3763 similo
556 3699 676 3782 aliquid
706 3697 936 3780 significantia,
973 3718 1034 3779 quo
1064 3697 1189 3780 planior
1212 3707 1245 3764 et

83 3799 265 3883 copiosior
295 3800 337 3865 sit
360 3802 477 3882 oratio,
512 3801 682 3880 adduntur,
714 3808 749 3865 ut
777 3821 818 3866 eu
846 3821 929 3883 qnae
959 3801 1095 3866 efficitur·
1125 3801 1242 3866 locutio

82 3903 334 3968 abundantiam
358 3903 520 3986 quandam
545 3905 622 3984 sive,
654 3909 689 3968 ut
711 3904 910 3986 grammatici
934 3904 1059 3983 dicunt,
1093 3906 1244 3987 pleonas-

82 4028 183 4070 mum
223 4006 397 4074 contineat.
453 4006 619 4072 Eiusmodi
657 4006 815 4072 formulae
853 4027 948 4072 sensu
985 4007 1186 4071 abundantes
1224 4030 1245 4072 a

79 4111 259 4175 Oiccronc
281 4109 316 4173 in
339 4110 569 4193 posterioribus
592 4131 671 4193 quos
695 4109 822 4194 scripsit
844 4110 933 4175 libris
957 4111 1016 4176 etsi
1038 4130 1100 4175 non
1116 4111 1243 4176 omnino

78 4214 258 4294 reiectae,
293 4219 435 4279 attamen
467 4214 567 4279 multo
591 4213 692 4279 ramus
716 4235 810 4296 quam
834 4214 866 4278 in
891 4214 1048 4298 prioribus
1073 4223 1244 4298 usurpatae

76 4325 187 4396 sunt,
226 4337 298 4384 cmn
329 4317 363 4380 in
391 4317 455 4382 illis
484 4317 567 4400 quod
597 4317 662 4383 dici
692 4338 772 4402 opus
802 4324 890 4382 esset
917 4337 1012 4400 quarn
1040 4317 1244 4400 paucissimis
