3280 4934
594 475 634 485 -
666 437 778 542 ι[ιω]
827 476 870 485 -
1263 439 1303 503 15

160 634 265 698 adhuc
292 637 467 700 extantium
499 634 585 698 nulio
613 632 730 698 Suidae
758 633 990 716 Aristophanes
1020 633 1148 700 fluxisse
1179 643 1306 721 queant,

163 742 195 806 id
224 742 329 826 potius
356 743 388 805 in
412 743 627 824 quaestionem
655 747 785 806 uocetur
812 746 951 824 oportet,
978 744 1028 808 cui
1056 743 1156 808 codici
1182 746 1234 809 uel
1257 749 1307 810 cui

162 849 303 913 codicum
336 849 442 931 generi
472 847 586 914 Suidas
617 848 788 913 consimilis
815 851 1001 932 reperiatur.
1047 849 1110 915 Sed
1137 855 1306 934 antequam

163 954 225 1019 hoc
252 955 485 1038 aggrediamur,
518 954 671 1020 afferendi
700 960 773 1020 sunt
800 957 830 1019 ei
858 957 917 1020 loci
946 977 984 1020 ex
1012 955 1163 1038 Equitum
1191 957 1306 1037 fabula,

164 1083 296 1144 quorum
320 1071 487 1146 corruptae
511 1063 660 1128 lectiones
680 1060 887 1143 omnibusque
906 1063 1022 1127 uostris
1041 1063 1200 1129 codicibus
1224 1085 1306 1130 com-

164 1191 272 1234 munes
291 1191 329 1235 ne
344 1192 365 1234 a
379 1169 495 1235 Suidee
510 1171 637 1252 quidem
653 1171 759 1234 codice
775 1169 996 1252 Aristophanis
1010 1169 1166 1236 afuerunt.
1195 1169 1307 1254 Itaque

251 1299 277 1341 v.
299 1277 340 1342 89
359 1273 731 1363 κρουνοχυτρολήραιον
751 1270 1308 1364 clS(uidastR-V-M-AA61'¹)-P‚

163 1385 300 1448 correxit
320 1386 724 1470 κροννοχυτρολήραιονεῖ
742 1383 776 1446 Α.
797 1381 1022 1448 Reifferscheid
1042 1384 1075 1446 in
1098 1383 1201 1448 indice
1218 1385 1307 1449 lecti·

162 1511 257 1555 onum
280 1491 575 1556 Vratislauicnsium
598 1513 625 1555 a
653 1490 800 1574 1869170.
824 1511 874 1574 pg.
898 1488 928 1554 b.

252 1621 278 1661 v.
301 1596 362 1662 159
393 1589 579 1684 Ἀθηναίων
602 1596 624 1662 S
643 1619 714 1662 cum
737 1617 821 1674 mss,
848 1602 950 1662 metro
973 1597 1131 1662 consuluit
1153 1597 1309 1682 Bergkius

163 1703 330 1769 scribendo
357 1695 528 1792 Ἀθηνίων
536 1707 573 1791 ²).

253 1832 278 1875 v.
305 1811 366 1878 196
395 1803 570 1896 ᾐνιγμένος
593 1817 678 1877 recte
700 1812 829 1876 uidetur
851 1811 1066 1899 Meinekiusss)
1094 1811 1127 1876 in
1150 1802 1308 1896 ᾐνιγμένα

164 1919 353 1984 emendasse.

252 2048 278 2090 v.
303 2025 368 2088 262
392 2017 560 2106 διαβαλῶν
584 2025 721 2090 correxit
744 2024 947 2090 Casaubonns
971 2025 1003 2088 in
1028 2017 1206 2105 διαλαβών,

252 2155 279 2196 v.
305 2133 371 2197 270
393 2127 684 2213 ἐκκοβαλικεύεται
707 2129 847 2214 Toupius
869 2134 903 2196 in
926 2123 1253 2212 κάκκοβαλικεύεται.

251 2261 278 2304 r.
303 2239 367 2304 276
394 2261 452 2324 pro
479 2235 637 2325 τήνελλος
668 2233 713 2318 εί,
745 2259 934 2321 quamquam
967 2239 1084 2322 legitur
1115 2239 1167 2303 bic
1197 2260 1308 2304 uersus

161 2346 248 2429 apud
272 2345 402 2410 Suidam
425 2369 447 2411 s.
467 2346 507 2428 gl.
536 2343 691 2432 Τήνελλα,
715 2346 853 2411 Kockius
876 2339 1018 2432 τήνελλά
1042 2361 1096 2410 σοι
1118 2345 1267 2410 restitnit

253 2474 280 2517 v.
304 2453 369 2516 290
398 2445 590 2534 ἀλαζονείας
624 2454 761 2518 correxit
792 2451 996 2538 Elmsleius⁴)
1029 2452 1060 2516 in
1094 2443 1308 2540 ἀλαζονείαις,

160 2560 247 2645 quod
272 2557 440 2642 probatum
464 2567 513 2624 est
534 2559 716 2624 editoribus.

254 2689 280 2729 v.
300 2667 364 2730 326
388 2658 536 2752 ἀμέλγεις
554 2657 700 2752 (ἀμίλγει
718 2666 760 2750 R)
779 2669 916 2732 correxit
934 2666 1070 2730 Bothius
1091 2667 1124 2729 in
1148 2659 1307 2752 ἀμέργεις.

253 2797 279 2838 v.
298 2774 364 2838 360
386 2794 444 2856 pro
469 2767 665 2859 ἐκροφήσεις
683 2771 851 2838 Elmsleius
872 2773 1040 2838 medialem
1063 2773 1195 2838 formam
1215 2773 1307 2859 ἐκρο-

159 2876 263 2967 φήσει
286 2879 491 2964 Aristophani
513 2881 663 2944 restituit.

253 3009 282 3052 v.
304 2988 370 3052 418
393 2993 429 3050 ut
451 2988 484 3052 iu
508 2987 655 3052 omnibus
678 2987 795 3052 nostris
817 2985 978 3052 codicibus
1001 2989 1047 3052 sic
1069 2987 1155 3071 apud
1178 2986 1309 3054 Suidam

159 3096 283 3179 legitur
305 3093 412 3179 λέγων
435 3092 601 3160 deficiente
623 3094 705 3158 thesi
734 3094 823 3176 pedis
846 3095 948 3176 quinti
975 3096 1154 3160 tetrametri
1182 3094 1309 3160 iambici

159 3202 357 3277 catalectici,
384 3223 479 3284 quam
506 3201 655 3266 librarius
684 3200 800 3265 codicis
824 3200 849 3265 O
871 3200 1017 3288 (Suidse)
1041 3208 1074 3266 et
1096 3222 1155 3266 sce
1178 3221 1260 3266 man.
1284 3201 1309 3264 Δ

158 3312 208 3376 ite
235 3329 386 3391 reparare
413 3308 615 3384 studuerunt,
647 3312 683 3371 ut
710 3313 863 3390 ponerent
891 3305 1068 3393 ἐπιλέγων,
1099 3307 1183 3391 quod
1211 3308 1309 3372 miror

158 3413 330 3484 Dindorfio
367 3413 535 3498 probatum
567 3435 648 3484 csse:
684 3406 727 3477 ἀν
759 3415 885 3481 addidit
917 3415 1153 3498 Bembnrdyus,
1190 3415 1309 3497 recepit

159 3524 332 3599 Velsenus;
355 3523 482 3587 uidetur
505 3529 611 3586 tamen
633 3519 741 3605 λέγων
764 3521 917 3605 glossema
939 3543 1007 3586 esse
1030 3543 1087 3606 pro
1111 3521 1309 3586 inusitatiore

158 3630 302 3718 quadam
326 3628 451 3694 dicendi
474 3631 602 3693 notione
610 3628 648 3715 ὃ).

252 3761 280 3802 r.
294 3737 358 3800 628
374 3734 522 3821 ἐρείδων,
537 3735 621 3820 quod
635 3736 835 3819 praecedenti
850 3729 960 3823 ήρειδε
975 3735 1119 3810 debetur,
1133 3733 1309 3800 Brnuckius

159 3851 192 3912 in
217 3844 367 3932 ἐρείπων
390 3841 571 3928 correxit).

235 4063 255 4127 ¹)
275 4049 587 4128 κροννοχνιρολήρωος
605 4049 631 4111 εί
649 4071 704 4110 sec.
726 4057 756 4119 θ,
777 4071 831 4110 εεο.
854 4056 884 4110 Γ.

233 4143 399 4224 bildrada
410 4144 552 4200 Danesius
571 4145 689 4200 Miscell.
709 4161 753 4215 pg.
773 4146 834 4200 245.

233 4239 254 4302 ⁸)
273 4236 377 4292 Vindd.
398 4233 536 4303 Aristoph.
556 4250 601 4304 pg.
621 4236 663 4289 53.

233 4329 256 4394 ⁴)
274 4326 312 4381 cd
332 4323 415 4392 Soph.
435 4321 467 4377 O.
487 4323 516 4378 0.
535 4339 579 4392 pg.
598 4324 659 4378 287.

233 4419 255 4478 ⁵)
274 4433 310 4470 nn
331 4413 494 4482 λογοποιῶν
513 4413 686 4468 scribendum
706 4413 766 4466 cst?

215 4509 254 4568 ,θλ
274 4503 379 4578 ἐρίζων
399 4501 540 4566 Kustcrns‚
559 4495 687 4570 ἐρεάγων
706 4501 892 4567 Thierschius,
912 4498 1034 4570 ἐρείπων
1052 4501 1198 4570 Bergkins.
