3268 4920
332 409 373 472 ua
768 443 810 452 -
859 407 942 490 [unq
990 445 1033 453 -

331 587 534 678 eognosbitur
556 599 589 658 et
611 611 650 658 ex
674 593 787 678 priscis
810 593 1015 679 scriptoribus
1038 603 1132 661 etex
1155 594 1325 660 Oomidoio
1348 603 1380 660 et
1403 597 1469 680 pri-

332 699 391 763 mis
429 697 591 764 Ciceronis
628 697 729 763 libris.
792 698 895 779 Atque
934 717 973 763 ex
1011 697 1115 782 prisea
1152 697 1310 764 latinitate
1347 699 1469 764 contuli

332 801 482 884 exempla
504 799 595 880 haee,
622 799 736 882 quibus
759 800 857 863 666116
873 799 1032 865 adiectum
1049 807 1100 866 661
1115 800 1325 885 superlativo:
1359 801 1465 865 Plant.

332 903 448 988 Amph.
469 906 498 977 2,
516 907 546 966 2.
569 906 628 966 156
651 902 748 966 multo
763 923 921 967 61666666.
941 907 970 982 3,
990 908 1022 983 4,
1044 907 1093 966 11.
1125 904 1199 968 Aut.
1219 908 1249 980 4,
1269 907 1300 984 6,
1324 908 1336 966 1
1356 925 1468 968 66666-

331 1030 414 1072 mom
429 1007 537 1070 multo.
570 1005 667 1072 Mero.
686 1007 767 1091 prol.
787 1009 827 1070 69
839 1029 880 1069 m.
894 1005 1045 1090 primum.
1080 1005 1180 1072 Stich.
1205 1011 1231 1086 1,
1248 1009 1277 1087 2,
1298 1009 1339 1071 66
1355 1029 1396 1070 m.
1415 1031 1468 1070 au-

325 1111 545 1196 piealr'ssuma.
594 1114 621 1177 1.
643 1113 673 1190 3,
696 1113 734 1173 10
757 1131 798 1174 m.
823 1131 1001 1174 mosomum
1031 1119 1063 1173 61
1081 1111 1321 1194 prorr'uaumom.
1370 1111 1464 1176 True.

334 1218 411 1293 1,1,
436 1216 478 1275 62
507 1233 548 1276 m.
568 1233 767 1295 pessumum
803 1213 879 1278 Ter.
910 1211 995 1276 And.
1023 1215 1053 1289 3,
1079 1215 1110 1294 2·,
1137 1216 1177 1277 16
1208 1233 1463 1276 romannorum.

332 1319 415 1382 Eun.
435 1319 465 1396 2,
485 1317 516 1399 2,
535 1318 577 1380 22
600 1317 854 1380 mulceamus.
897 1315 1013 1381 Heaut.
1032 1319 1063 1395 4,
1082 1318 1115 1394 8,
1136 1321 1149 1379 1
1176 1337 1217 1379 m.
1233 1315 1469 1400 fortunat-ubsa-

329 1441 424 1484 mum.
460 1419 537 1485 Heu.
561 1423 588 1497 l,
609 1421 640 1496 2,
655 1421 695 1482 85
720 1441 761 1482 m.
780 1441 940 1490 avonemo:
967 1417 1077 1501 Aquil.
1096 1423 1115 1482 5
1139 1439 1215 1504 pag.
1234 1421 1273 1482 31
1292 1419 1319 1483 R
1341 1439 1383 1482 m.
1402 1441 1467 1482 om-

329 1524 415 1586 61666
429 1559 472 1570 -
488 1531 646 1606 optumum
672 1529 702 1585 61
721 1521 942 1600 6616666666
970 1521 1049 1606 pell.
1067 1521 1129 1588 ine.
1148 1522 1211 1587 ine.
1231 1525 1271 1585 61
1288 1542 1321 1607 p.
1341 1523 1400 1584 122
1422 1543 1463 1584 m.

329 1627 500 1702 maximum
542 1627 617 1691 Ano.
644 1631 726 1708 trag.
746 1627 808 1689 616
832 1645 908 1709 pag.
931 1624 1034 1688 11711
1055 1646 1097 1688 m.
1123 1625 1326 1704 ocem'mum;
1360 1624 1463 1691 Luoll.

330 1730 386 1807 lV,
407 1732 445 1791 17
469 1747 545 1812 pag.
564 1727 653 1792 2211
678 1728 802 1810 optimu*
819 1749 874 1808 m.,
908 1727 979 1808 XV,
1002 1733 1036 1791 11
1063 1747 1138 1812 pag.
1159 1731 1200 1792 66
1217 1728 1391 1812 661666-
1408 1749 1463 1808 6.,

330 1831 405 1912 XX,
426 1835 445 1894 9
468 1849 542 1916 pag.
562 1834 603 1896 ’16
626 1830 771 1894 maome
788 1853 844 1907 m.,
886 1829 993 1912 XXX,
1016 1834 1054 1894 10
1078 1851 1152 1916 pag.
1174 1835 1234 1896 118
1257 1851 1299 1895 m.
1319 1821 1463 1914 optimus.

330 1935 434 2000 116116
456 1932 555 2018 igitur
576 1952 648 1998 num
671 1933 731 1998 boe
754 1933 846 2000 modo
866 1933 1048 2016 frequenter
1070 1939 1251 2018 usurpetur,
1278 1954 1317 2000 ex
1341 1941 1467 2000 eontra-

328 2039 376 2105 rio
399 2039 488 2122 lotape
510 2037 707 2122 superlativo
728 2037 761 2102 in
785 2037 892 2121 prisea
913 2045 1020 2104 aetate
1043 2057 1199 2120 nusquam
1221 2037 1381 2104 adiectum
1405 2046 1463 2104 661.

328 2141 401 2206 Duo
425 2139 575 2206 videntur
594 2141 723 2206 obstare
747 2139 819 2220 1661,
851 2158 984 2222 quorum
1007 2141 1089 2206 alter
1111 2140 1225 2223 legitur
1247 2139 1336 2224 apud
1357 2140 1463 2206 Plaut.

327 2243 423 2312 11061.
442 2247 471 2321 3,
493 2247 524 2320 3,
544 2245 563 2307 8
592 2243 683 2327 16696
705 2243 911 2327 baptismum
944 2248 1088 2309 attamen
1118 2243 1177 2309 hoo
1199 2243 1268 2310 loeo
1290 2243 1382 2327 lotape
1404 2263 1466 2309 non

328 2348 370 2415 ad
401 2346 632 2432 superlativum
655 2346 847 2430 lonqr'ssumo
876 2345 1079 2412 referendum
1103 2353 1162 2424 661,
1193 2345 1252 2412 sed
1279 2346 1466 2413 adverbium

327 2451 369 2517 ad
393 2469 487 2516 suum
502 2449 707 2530 adieetivum,
734 2456 769 2513 ut
783 2449 833 2514 vis
856 2457 1022 2534 augeatur,
1048 2449 1160 2516 eadem
1183 2449 1306 2516 ratione
1322 2449 1462 2531 additur,

328 2575 393 2638 qua
415 2553 562 2619 dicuntur
575 2552 687 2616 6616666
702 2553 796 2616 nuber
810 2552 931 2618 similia
952 2551 1002 2634 (61.
1021 2553 1060 2619 Ο.
1079 2552 1232 2642 Seyffert,
1255 2551 1340 2619 stud.
1358 2553 1463 2619 Pluut.

328 2677 405 2742 pag.
425 2661 467 2736 9).
515 2657 551 2720 16
575 2655 675 2722 altero
699 2656 862 2740 exemplo,
896 2656 983 2740 apud
1006 2655 1088 2721 Eun.
1114 2677 1187 2721 ann.
1216 2659 1255 2718 91
1285 2676 1362 2740 pag.
1384 2661 1422 2721 15
1438 2657 1466 2722 V

327 2783 366 2824 66
387 2759 453 2824 6116
476 2757 800 2842 16696661616661666
823 2759 891 2823 6616
914 2757 1079 2825 Vahlenun
1100 2759 1134 2824 in
1156 2757 1261 2825 indice
1284 2759 1463 2842 16696661-

327 2861 484 2925 cherrima
512 2859 684 2942 eoniungit.
732 2859 798 2928 Sed
828 2861 945 2928 reetins
976 2881 1062 2927 nune
1091 2860 1238 2927 videmur
1272 2861 1465 2945 eoniungere

328 2986 366 3028 66
388 2963 453 3027 6116
476 2963 575 3047 lotape.
601 2983 672 3028 eum
689 2963 877 3047 praesertim
893 2964 983 3047 lotape
1000 2963 1217 3047 pulcherrimo
1232 2963 1299 3028 6616
1315 2983 1378 3029 non
1393 2983 1465 3029 eum

328 3085 422 3150 quem
452 3065 509 3130 illo
537 3065 606 3130 loeo
636 3073 805 3150 exspectes
834 3067 989 3153 praebeat
1018 3085 1159 3132 sensum.
1193 3103 1234 3114 -
1267 3065 1317 3130 Ex
1345 3085 1464 3132 aureae

327 3169 444 3236 aetatis
466 3167 674 3252 scriptoribus
690 3169 790 3234 Varro
812 3168 989 3235 ablativum
1012 3169 1110 3233 mtclto
1133 3168 1327 3254 superlativo
1349 3167 1466 3235 adiecit

329 3279 390 3340 sat.
415 3272 500 3337 blen.
528 3291 603 3356 pag.
631 3273 702 3352 198,
723 3273 786 3338 611
810 3272 992 3355 puru’ssr'mu’
1019 3275 1135 3350 mutu,
1168 3291 1325 3355 nusquam
1356 3272 1461 3356 lmrpe;

327 3374 515 3443 Cornificius
529 3376 628 3439 multo
644 3376 685 3457 ll,
709 3380 735 3452 1,
760 3381 772 3438 l
791 3397 832 3439 m.
850 3374 1086 3461 dp‘fieillimam,
1111 3376 1165 3453 lv,
1189 3377 1238 3450 18,
1258 3375 1464 3461 2666111-

326 3477 456 3558 altnae,
481 3478 531 3556 II,
559 3481 609 3557 19,
629 3480 681 3542 29.
708 3478 762 3556 lV,
789 3481 879 3558 9,13
908 3501 951 3542 m.
982 3477 1153 3558 66661666,
1187 3476 1240 3554 IV,
1268 3481 1328 3554 14,
1348 3478 1390 3542 58
1419 3499 1461 3540 m.

325 3580 471 3658 maxime,
497 3600 653 3663 nusquam
677 3581 783 3665 16696
810 3579 920 3646 (liuere
943 3580 976 3646 in
998 3579 1089 3646 libris
1105 3579 1145 3646 de
1162 3579 1345 3645 inventione
1368 3580 1463 3644 mrclto

326 3687 352 3766 Ι,
380 3691 409 3766 6,
429 3688 459 3749 8.
486 3685 534 3764 ΙΙ,
562 3687 613 3762 22,
634 3687 686 3748 61.
712 3687 764 3765 56,
786 3685 856 3748 168·
878 3705 919 3748 m.
946 3683 1196 3760 6661666616,
1223 3683 1255 3760 I,
1275 3685 1389 3762 31,52
1419 3705 1459 3746 m.

325 3789 470 3869 maxime,
495 3788 541 3865 11,
559 3791 610 3864 15,
634 3789 693 3851 131
716 3809 757 3851 m.
776 3787 971 3871 turprbsima,
996 3788 1088 3871 leupo
1109 3787 1142 3851 ln
1165 3785 1216 3852 his
1232 3785 1357 3851 dnobus
1373 3785 1464 3851 libris

324 3911 494 3975 nusquam.
541 3891 682 3956 Primum
711 3892 802 3976 lonpe
831 3889 1083 3976 deprehenditur
1111 3891 1205 3955 11666.
1237 3889 1310 3952 Am.
1339 3891 1396 3968 12,
1423 3889 1463 3952 33

325 3997 416 4080 lotape
437 3993 690 4060 audacissimum.
734 3994 813 4060 Inde
836 4014 893 4079 per
915 3993 1113 4078 aliquantum
1136 3990 1290 4077 temporis
1312 3990 1410 4055 666116
1433 3997 1463 4056 61

304 4100 415 4183 ’16666
437 4098 506 4183 pari
529 4097 752 4165 fere'numero
773 4095 967 4164 adhibentur
988 4096 1196 4172 aciemque,
1223 4093 1266 4160 ad
1287 4101 1463 4162 extremum

326 4209 432 4267 antem
455 4201 553 4266 mutu
575 4201 720 4285 exeeptis
742 4201 821 4267 loeis
843 4199 1016 4266 admodum
1038 4198 1152 4286 paneis
1175 4199 1270 4283 plane
1293 4199 1335 4263 ab
1359 4217 1398 4265 eo
1413 4217 1464 4263 re·

325 4305 443 4370 ieetnm
459 4309 519 4370 est.
544 4304 677 4387 Legitur
692 4304 776 4370 enirn
792 4305 889 4369 multo
906 4303 1005 4369 divin.
1021 4302 1116 4369 6666.
1136 4307 1185 4380 11,
1200 4303 1239 4364 36
1255 4321 1295 4364 m.
1309 4301 1464 4366 6661616-
