3262 4926
352 393 390 456 rs
439 357 442 364 ’
540 342 542 348 ’
785 425 829 435 -
876 389 960 474 [roa]
1007 425 1051 435 -

274 621 280 632 ·
347 579 539 658 describam,
573 578 728 644 lectiones
750 577 868 644 deinde
891 596 959 660 eas,
993 595 1076 660 quae
1104 575 1146 641 ad
1167 575 1309 662 ipsius
1332 575 1510 660 Diony-

348 682 433 766 sii1)
462 681 562 748 verba
589 681 767 766 pertinent,
802 680 969 766 disponam
992 685 1090 762 atque
1112 679 1293 746 aestimem.
1342 677 1510 745 Secundo

348 804 517 870 exponam,
551 783 660 866 qualia
682 782 830 866 legantur
852 783 886 847 in
909 782 1093 849 Florentino
1115 788 1148 848 et
1167 781 1387 848 Ambrosiano
1410 781 1510 866 pric-

347 906 417 951 rum
432 893 607 968 auctorum,
627 905 710 968 quae
726 885 812 971 apud
829 885 931 951 solum
947 885 1014 951 fere
1030 885 1221 970 Dionysium
1237 889 1381 964 exstant,
1408 883 1509 967 frag-

349 996 473 1069 menta,
514 987 645 1055 Pindari
683 988 755 1055 dico
791 987 1026 1072 Thrasymaehi
1059 988 1178 1073 Lysiae
1213 987 1300 1052 lsaei
1333 985 1507 1053 Dinarchi

348 1092 563 1178 Theophrasti
592 1091 773 1158 Philochori
805 1091 961 1157 Demetrii
994 1090 1166 1174 Magnetis.
1223 1089 1335 1156 Tertio
1370 1090 1502 1175 capite.

349 1215 419 1261 cunr
451 1196 596 1279 quaestio
625 1201 739 1277 restet,
780 1195 892 1277 quales
922 1194 1021 1262 ceteri
1050 1201 1197 1260 auctores
1232 1212 1314 1276 quos
1345 1193 1505 1277 integros

349 1299 495 1365 tenemus
517 1298 605 1385 apud
619 1297 809 1382 Dionysium
832 1298 989 1382 legantur,
1016 1297 1203 1382 speciminis
1225 1315 1327 1362 eausa
1348 1295 1396 1362 de
1418 1298 1507 1363 Dio-

331 1402 435 1487 ·uysii
458 1402 636 1488 exemplari
657 1423 754 1485 agam
770 1398 1017 1486 Thucydidiob.
1059 1397 1179 1478 Quarto
1202 1398 1341 1483 denique
1365 1401 1505 1486 proprio

349 1505 452 1571 Marte
475 1505 554 1571 locis
576 1504 738 1570 nonnullis
761 1503 920 1569 medelam
936 1502 1052 1570 afferre
1075 1503 1254 1588 temptabo;
1281 1503 1315 1566 in
1332 1503 1424 1584 quod
1444 1523 1505 1568 ca-

349 1615 406 1692 put
439 1627 493 1673 eos
526 1627 652 1691 quoque
685 1608 772 1673 locos
802 1606 970 1690 delegari,
1008 1606 1123 1690 quibus
1155 1605 1301 1672 codicum
1335 1606 1502 1672 lectiones

349 1730 544 1794 quamquam
567 1719 599 1777 et
620 1711 712 1796 ipsae
728 1710 923 1796 depravatae
946 1708 1082 1776 sanandi
1098 1727 1211 1774 ansam
1233 1709 1394 1795 praehere
1418 1709 1501 1774 mihi

349 1814 439 1879 visae
469 1820 554 1879 suut.
601 1814 751 1880 Ceterum
781 1834 845 1880 non
874 1813 1034 1897 ingratum
1063 1812 1223 1898 plerisque
1251 1812 1417 1878 facturum
1447 1833 1501 1877 ure

348 1914 490 1998 credidi,
525 1917 552 1982 si
583 1936 640 1982 eas
669 1936 795 2002 quoque
824 1916 1001 1982 Florentiui
1029 1922 1061 1982 et
1087 1913 1292 1981 Ambrosiani
1323 1915 1497 1994 lectiones,

348 2039 430 2103 quas
451 2019 688 2086 Herwerdenas
716 2019 750 2084 in
780 2019 919 2086 editione
942 2019 1060 2104 Lysias
1090 2020 1267 2084 orationum
1298 2020 1499 2085 selectarum

348 2124 469 2209 primus
491 2123 701 2210 pervolgavit,
717 2117 832 2189 'denuo
845 2123 1075 2202 exscriberem
1106 2121 1163 2187 ille
1179 2123 1264 2188 euim
1289 2123 1438 2202 libellus,
1465 2123 1499 2187 ni

350 2227 454 2311 fallor,
481 2234 513 2293 et
527 2227 561 2292 in
576 2226 760 2312 pauciorum
776 2225 925 2292 manibus
941 2231 1088 2291 versatur
1104 2231 1135 2290 et
1150 2223 1259 2307 hahet,
1281 2245 1370 2307 quae
1386 2245 1501 2291 emen-

348 2330 477 2396 datione
499 2328 676 2412 indigeant.

435 2569 566 2634 Initium
590 2567 732 2634 facturus
751 2568 972 2650 quaestionum
995 2588 1058 2632 non
1081 2586 1210 2651 possum
1233 2586 1298 2631 non
1321 2586 1365 2632 ex
1388 2544 1503 2632 animo

350 2673 486 2756 gratiam
516 2671 637 2738 referre
660 2671 738 2736 viris
761 2671 956 2738 doctissimis
983 2669 1309 2755 praeceptoribusque
1339 2671 1426 2735 meis
1449 2671 1505 2735 di-

348 2775 533 2841 lectissimis
557 2775 693 2841 Rudolto
716 2774 876 2842 Schoellio
906 2782 939 2840 et
961 2773 1121 2839 Guilelmo
1148 2772 1407 2854 Studemundio,
1444 2773 1503 2855 qni

349 2877 506 2960 singulari
530 2899 603 2943 cum
626 2877 823 2960 benignitate
846 2884 878 2943 ct
900 2898 934 2943 re
958 2885 990 2944 et
1012 2896 1109 2961 opera
1132 2883 1164 2944 et
1186 2874 1405 2960 prudentibus
1423 2897 1504 2942 cou-

349 2979 430 3046 siliis
461 3001 512 3050 me
535 2980 728 3046 adiuverunt
758 2980 946 3064 rogantique
977 2999 1141 3070 nunquam
1164 2977 1350 3044 defuerunt.
1401 2979 1504 3046 Com-

349 3083 509 3150 militoucs
532 3084 668 3150 alterum
687 3083 906 3149 Florentinum
926 3083 1095 3150 Hectorem
1112 3081 1186 3146 Pais
1209 3081 1351 3146 alterum
1367 3083 1505 3166 Argen-

349 3195 543 3253 toratensem
566 3187 786 3252 Hermannum
810 3185 933 3267 Crohn,
967 3207 1040 3251 euru
1069 3184 1182 3270 paucis
1212 3184 1293 3248 locis
1316 3183 1359 3250 de
1382 3185 1506 3252 lectio-

349 3291 445 3356 nibus
461 3289 652 3370 dubitarem,
679 3308 803 3353 summa
825 3308 897 3353 cum
914 3288 1064 3354 comitate
1088 3287 1214 3354 codices
1229 3287 1364 3354 Italicos
1389 3309 1505 3354 meum

315 3464 317 3468 ,
348 3394 382 3458 in
405 3413 500 3458 usum
524 3392 627 3458 denuo
650 3391 830 3477 inspexisse
853 3397 945 3474 grato
967 3391 1075 3456 animo
1098 3389 1259 3476 profiteor.

421 3617 439 3678 1)
458 3613 491 3668 ln
510 3615 607 3669 eadem
625 3621 706 3683 parte
730 3616 814 3668 etiam
839 3613 1030 3684 metaphrases
1048 3611 1170 3667 locorum
1192 3613 1376 3668 laudatorum
1402 3615 1505 3670 sedern

350 3699 452 3756 hahere
470 3701 546 3754 volui
576 3703 587 3766 11
624 3700 642 3764 ²)
664 3699 706 3754 De
719 3700 848 3770 Dionysii
868 3699 1020 3766 exemplari
1039 3699 1181 3753 Isocrateo
1200 3700 1343 3767 quaestio,
1367 3716 1456 3771 quam
1476 3715 1506 3757 ct

349 3787 410 3855 ipse
428 3784 568 3850 incohavi,
589 3801 606 3838 a
625 3783 655 3839 O.
670 3784 773 3839 Fuhrio
797 3785 875 3848 lhlrrs.
890 3785 980 3838 Rhen.
996 3781 1123 3838 XXXlll
1142 3784 1226 3846 erosa
1247 3800 1342 3853 nuper
1361 3795 1507 3856 occupata

351 3877 409 3935 est;
434 3872 514 3925 cuius
534 3886 569 3925 ex
587 3871 792 3939 disceptatione
811 3870 903 3925 denuo
922 3869 1047 3924 intellexi
1066 3869 1190 3922 codicem
1209 3868 1440 3928 Ambrosianum
1459 3889 1508 3928 ra-

349 3958 458 4014 rissime
478 3957 613 4012 coeteris
632 3957 757 4012 eiusdem
776 3955 899 4012 familiae
923 3956 1001 4010 libris
1026 3955 1139 4022 corrigi.
1176 3955 1220 4010 De
1240 3951 1380 4028 Dionysii
1405 3975 1504 4015 exem-

350 4044 421 4112 plari
442 4041 658 4097 Demosthenieo
677 4043 870 4112 quaestionem
887 4042 1000 4098 differre
1020 4046 1173 4108 temporum
1192 4043 1338 4109 angustiis
1357 4059 1461 4116 cogor.
