3304 4928
610 469 653 478 -
701 431 796 514 [aar]
844 471 886 479 -
1281 432 1321 496 ιι

175 625 299 703 ἀνίατα
322 625 466 691 concedit
489 627 572 692 enim
595 626 663 710 ipse
686 625 832 690 Naberus
855 623 987 691 Suidam
1009 647 1066 690 sua
1089 627 1232 709 undiquc
1255 647 1323 691 eor·

174 733 293 796 ramese
315 753 354 797 ea
375 731 567 810 scoliastes,
593 734 638 797 ad
660 732 910 814 Aristophanen
931 734 1130 814 potissimam
1154 734 1214 810 uel,
1237 734 1323 816 qnod

173 838 290 916 malim,
313 859 353 904 ex
375 839 481 904 codice
501 838 733 922 Aristophaneo
756 839 883 906 scholiis
906 841 985 904 satis
1007 841 1141 924 copiosis
1160 839 1322 904 instructo.

264 945 308 1010 At
334 967 374 1010 ne
401 945 563 1010 breuiores
591 945 720 1028 quidem
742 944 875 1029 glossas,
903 967 984 1030 quae
1011 947 1096 1031 apud
1120 945 1268 1011 Photium
1292 951 1324 1010 et

174 1052 259 1135 apud
273 1050 404 1117 Suidam
421 1052 624 1135 reperiuntur
642 1052 864 1118 desiderantur
882 1075 958 1119 uero
976 1055 1009 1118 in
1029 1052 1189 1119 codicibus
1207 1052 1324 1116 nostris

175 1158 429 1243 Aristophaneis,
460 1180 481 1224 a
507 1157 606 1224 Suida
633 1180 671 1223 ex
698 1159 753 1224 illo
780 1161 963 1242 desumptas
990 1181 1057 1225 esse
1084 1165 1206 1242 putem3
1239 1158 1324 1242 quod

174 1265 302 1348 quidem
325 1285 479 1350 apparere
501 1266 691 1332 uidetur'ex
714 1267 754 1350 gl.
772 1260 960 1352 Ἥνυστρον
984 1268 1026 1331 ad
1048 1265 1106 1351 Eq.
1126 1267 1200 1343 356,
1223 1266 1279 1331 ubi

375 1372 504 1438 Suidae:
980 1373 1129 1438 Photius:

174 1471 214 1545 τό
238 1471 341 1564 παχὺ
363 1480 481 1566 μέρος
503 1485 561 1566 τῆς
580 1479 709 1555 κοιλίας
789 1471 829 1544 τό
857 1479 1078 1566 παχυμερὲς
1110 1485 1168 1565 τῆς
1196 1479 1324 1554 κοιλίας

176 1586 212 1652 ἐν
236 1586 376 1673 ίντίρῳ·
406 1585 452 1664 εἰς
474 1588 550 1672 τρία
572 1577 635 1671 γὰρ
659 1583 709 1649 τί·
792 1579 944 1671 ἔντερον·
970 1576 1024 1651 σόν
1049 1585 1095 1663 είς
1113 1587 1188 1670 τρία
1207 1585 1324 1672 τέτμη-

176 1718 294 1782 τμηται
319 1686 339 1781 ἡ
362 1690 501 1780 γαστήρ·
527 1685 709 1780 ἤνυστρον,
748 1733 751 1819 χ
789 1715 844 1756 ται
863 1684 883 1779 ἡ
901 1689 1039 1780 γαστήρ·
1063 1687 1243 1780 ἤνυστρον,
1262 1691 1323 1776 ίχῑ-

176 1801 297 1887 ἐχῖνον,
324 1797 548 1887 κεκρύφαλον.
749 1844 751 1887 χ
790 1821 863 1880 νον,
886 1797 1109 1885 κεκρύφαλον.

178 1910 274 1992 Atqui
303 1909 405 1972 elucet
432 1929 471 1972 ex
498 1906 668 1992 Hesychia:
700 1899 889 1992 ἧνυστρα[ι]
918 1903 953 1970 od
979 1908 1103 1972 κοιλίαι
1125 1912 1196 1970 τῶν
1221 1909 1351 1986 βοῶν,

175 2007 196 2101 ἢ
219 2006 259 2078 τό
282 2005 385 2098 παχὺ
407 2013 524 2100 μέρος
547 2006 672 2091 αὐτῶν,
695 2011 826 2077 Suidam
849 2012 910 2078 boc
928 2012 995 2079 loco
1014 2015 1183 2096 genuinam
1201 2013 1324 2094 glossae

176 2121 310 2188 formam
332 2121 512 2195 retinuisse3
534 2121 588 2204 qui
612 2121 639 2183 si
662 2141 701 2184 ex
721 2119 836 2184 Photio
859 2141 917 2184 sua
939 2120 1148 2203 compilasset,
1172 2123 1265 2196 certe,
1287 2123 1324 2181 ut

175 2227 316 2311 alioquin
349 2247 430 2309 quae
458 2227 615 2310 excerpsit
642 2247 712 2290 cum
745 2225 919 2308 puluisculo
951 2227 1091 2309 recipere
1123 2224 1234 2288 solitus
1267 2229 1325 2300 est,

176 2335 384 2419 deprauatam
407 2334 491 2398 illius
514 2333 637 2415 glossae
660 2331 793 2397 formam
816 2332 871 2396 uix
894 2331 1099 2414 repudiasset.

267 2441 397 2506 Accedit
424 2439 509 2522 quod
537 2439 690 2523 quidquid
719 2438 833 2504 Suidas
859 2439 892 2503 in
920 2438 1031 2521 glossis
1055 2437 1229 2502 aduersus
1254 2436 1325 2499 Ari-

177 2547 367 2633 stophaneos
393 2545 627 2630 pertinentibus
650 2566 721 2610 cum
743 2544 859 2609 Photio
882 2565 1045 2609 commune
1066 2543 1177 2620 habet,
1204 2543 1325 2606 breuis-

177 2655 274 2720 simae
315 2656 499 2739 plerumque
540 2659 614 2718 sunt
654 2653 850 2735 singularum
891 2671 1004 2716 uocum
1040 2651 1326 2734 interpretationes,

177 2784 257 2846 quae
281 2763 366 2846 apud
386 2748 517 2826 Suidam
535 2760 564 2824 ei
583 2757 702 2823 scholio
722 2759 911 2840 praecedere
930 2757 1041 2834 solent,
1064 2757 1150 2840 quod
1171 2764 1204 2822 et
1222 2757 1325 2839 ipsum

178 2869 211 2932 in
243 2867 404 2934 codicibus
436 2864 677 2948 Aristophaueis
709 2865 839 2946 legitur,
873 2863 972 2928 ueluti
1004 2865 1046 2928 ad
1078 2885 1107 2928 u.
1144 2864 1205 2927 rel
1237 2885 1260 2927 s.
1280 2863 1324 2945 'gl

178 2973 416 3060 Προσκίψομαι
449 2969 568 3036 scholio
597 2969 639 3046 ei,
666 2970 751 3053 quod
778 2973 874 3034 etiarn
897 2971 930 3034 in
953 2969 1114 3036 codicibus
1138 2971 1325 3053 Aristopha-

178 3083 246 3147 neis
265 3082 390 3166 legitur,
409 3077 577 3163 explicatio
596 3078 811 3158 praemittitur
829 3071 1070 3162 περισκοπήσω
1088 3075 1207 3153 eadem,
1231 3097 1327 3158 quam

177 3187 325 3254 Pholiust
346 3193 448 3252 uetur.
485 3184 635 3267 Idemque
654 3185 741 3249 ualet
760 3185 793 3248 in
811 3184 852 3267 gl.
872 3183 1086 3267 Πτερυχίςων
1108 3183 1149 3247 ad
1168 3182 1225 3265 Eq.
1245 3181 1325 3248 522:

176 3290 361 3377 πετόμενος
381 3292 394 3380 ΙΙ
415 3293 455 3376 gl.
475 3284 615 3356 Ῥόθιον
638 3290 680 3354 ad
702 3291 760 3375 Eq.
783 3291 862 3354 546:
885 3279 924 3352 τό
947 3279 1030 3372 μετὰ
1054 3283 1171 3370 ψόφου
1195 3295 1283 3372 κῦμα
1305 3281 1326 3375 ἢ

178 3395 283 3484 ῥεῦμα
298 3399 312 3486 ΙΙ
328 3400 368 3482 gl.
388 3391 497 3463 Ἦνίαι
520 3399 561 3463 ad
585 3397 642 3480 Eq.
670 3397 769 3463 1109:
793 3401 897 3482 λῶροι
918 3398 1066 3479 χαλινῶν
1082 3393 1095 3481 Η
1112 3394 1151 3477 gl.
1175 3397 1327 3482 Στερίφη

177 3506 218 3569 ad
242 3505 430 3589 Thesmoph.
454 3505 535 3569 6412
564 3514 693 3587 σπεῖρα,
715 3493 760 3588 μὴ
783 3510 927 3568 τεκοῦσα
951 3499 1047 3586 (μηδὲ
1070 3501 1232 3566 τίκτουσα
1254 3501 1326 3566 add.

147 3635 150 3640 ’
178 3610 326 3694 Photius)
343 3609 356 3697 ίΙ
373 3611 413 3694 gl.
432 3606 570 3696 Συβήνη
593 3611 634 3673 ad
656 3607 842 3692 'l'hesmopb
866 3609 962 3672 1197:
984 3599 1006 3693 ἡ
1030 3607 1208 3693 όερματίνη
1228 3599 1326 3672 αὐλο-

178 3712 279 3804 θήκη,
301 3709 322 3802 ἢ
345 3709 365 3803 ἡ
390 3716 539 3802 φαρέτρα
555 3715 568 3802 ll
585 3716 625 3800 gl.
648 3712 745 3798 Πόσρ
767 3713 865 3798 τέχνῃ
888 3716 929 3778 ad
949 3715 1019 3798 Lys.
1038 3713 1118 3777 412:
1143 3711 1180 3776 ἐκ
1199 3705 1327 3789 παντὸς

178 3818 309 3907 τρόπου
334 3823 347 3912 ΙΙ
372 3825 412 3906 gl.
436 3819 611 3908 Στρόφιον
639 3825 680 3887 ad
709 3823 779 3904 Lys.
803 3824 882 3886 931:
913 3813 953 3886 τὸ
986 3815 1191 3904 στρογγύλον
1219 3814 1326 3899 §mvsi-

177 3952 261 4014 ριον.
288 3967 328 3977 -

267 4036 439 4120 Longiores
463 4056 540 4100 uero
562 4035 793 4112 adnotationes,
816 4034 930 4100 Photio
954 4039 986 4098 et
1005 4031 1121 4097 Suidae
1140 4051 1328 4107 communes,

178 4165 258 4226 quae
286 4143 402 4208 desunt
429 4144 462 4206 in
489 4141 650 4208 codicibus
676 4142 794 4206 nostris
821 4139 1074 4222 Aristophaueis,
1101 4140 1135 4203 in
1161 4140 1326 4224 utriusque

178 4249 277 4315 libros
296 4271 334 4313 ex
351 4251 507 4314 communi
522 4249 609 4314 fonte
624 4247 752 4312 fluxisse
766 4248 866 4330 magis
881 4247 1069 4330 putauerim,
1088 4267 1182 4328 quam
1197 4245 1326 4310 Suidam

178 4356 285 4420 Photii
302 4355 424 4432 lexicon
444 4356 636 4440 compilasse.
674 4354 769 4420 Velut
788 4353 904 4419 Suidae
923 4360 956 4418 et
974 4353 1082 4418 Photii
1100 4353 1235 4436 glossam
1254 4354 1326 4416 Ψω-

179 4453 242 4526 λόν
260 4460 418 4544 γενέσθαι
438 4465 489 4528 del
506 4479 541 4527 σε
560 4460 652 4545 μίχρι
671 4467 733 4526 τοῦ
747 4461 911 4546 μυρρίνου
926 4461 997 4545 (Eq.
1008 4461 1097 4544 964).
1112 4452 1156 4523 ‘H
1165 4459 1327 4544 παροιμία
