3258 4928
343 395 405 458 me
773 426 817 440 --
865 391 949 476 [aaa]
996 429 1040 441 -

340 582 428 650 visse
444 581 548 665 iisque
564 580 764 648 familiariter
778 601 871 647 usum
888 601 960 648 esee
974 581 1063 648 vitae
1078 579 1220 660 tradens
1244 580 1286 647 εί.
1304 579 1473 646 Wasterm.

337 685 440 769 biogr.
466 705 499 769 p.
519 688 611 751 esea
636 679 653 750 ὑ
676 689 775 762 θεῖος
798 679 882 772 ἀνήρ
906 681 1110 772 φιλοσόφων
1136 683 1200 767 μὲν
1226 677 1348 750 ἑαυτὸν
1370 705 1476 766 παρε-

339 788 434 855 δίδου
456 786 630 854 Πλάτωνι.
678 789 756 854 981ε
780 787 888 875 ζηλῶν
912 787 1123 875 Θουκυδίδην
1144 789 1202 853 καλ
1223 785 1396 854 Πλάτωνα
1418 783 1478 852 τὸν

337 889 541 979 ῳιλόσοῳον,
575 883 601 978 ᾧ
623 913 712 970 τινες
741 885 842 959 alnov
869 896 1135 980 προηγουμένως
1164 885 1269 958 αὑτὸν
1297 887 1473 974 σχολάσαι.

337 997 429 1061 eoem
445 991 730 1082 συνεῳιλολόγησε
746 989 778 1061 s'
789 994 940 1062 Αίσίωνι
955 1001 1002 1080 τῷ
1013 989 1186 1083 Ἀθηναίῳ
1201 995 1259 1060 καί
1276 991 1475 1078 Θεοπόμπῳ

336 1105 384 1184 τῷ
397 1101 473 1184 Χίῳ
491 1095 684 1186 φιλοσόφῳ.
725 1101 816 1166 teser
834 1097 919 1183 ἔγνω
935 1092 969 1164 δ’
984 1091 1089 1165 αὑτὸν
1108 1101 1162 1182 (se.
1178 1095 1239 1165 τὸν
1252 1099 1470 1186 Δημοσθένη)

336 1203 394 1268 καί
408 1205 545 1280 Λυσίας
567 1197 584 1268 ὁ
610 1200 720 1290 ῥήτωρ
742 1204 801 1268 καὶ
819 1196 1012 1290 Ἰσοκράτης
1033 1196 1102 1268 εἶδε
1118 1198 1384 1285 πολιτευόμενον
1398 1195 1476 1283 άχρι

336 1312 395 1394 τῆς
419 1305 455 1374 ἐν
476 1310 673 1394 Χαιρωνείᾳ
701 1305 810 1394 μάχης
838 1311 896 1371 καί
926 1327 1015 1384 τινες
1043 1313 1110 1372 τῶν
1131 1311 1354 1393 Σωκρατικῶν
1377 1305 1475 1391 φιλο-

337 1433 467 1498 σοῳων.

423 1511 610 1578 Reddantm
637 1513 737 1598 igitur
764 1514 902 1592 amatori,
915 1531 973 1580 suo
1002 1511 1062 1578 illa
1083 1513 1195 1594 verbs,
1227 1512 1405 1597 Hermippo
1433 1531 1474 1577 ne

337 1616 528 1682 tribuantur.
575 1616 655 1684 Inde
679 1635 720 1683 ea
740 1616 837 1682 etiam
861 1619 944 1683 ultro
968 1624 1134 1700 corruam,
1161 1635 1244 1700 quae
1266 1615 1304 1682 F.
1329 1615 1475 1682 Blassius

338 1737 379 1784 ex
401 1717 567 1804 Hermippi
590 1737 674 1801 quaa
696 1718 866 1785 ridebatur
887 1720 1078 1786 auctoritate
1099 1719 1141 1785 de
1161 1719 1249 1786 Isaei
1275 1737 1348 1785 eum
1369 1716 1476 1802 philo-

339 1821 451 1906 sophis
474 1819 693 1888 familiaritate
723 1823 783 1888 etsi
809 1822 992 1889 dubitanter
1014 1821 1122 1889 docuit
1131 1823 1172 1907 1];
1205 1822 1285 1907 ipse,
1310 1819 1345 1886 ni
1368 1819 1472 1901 fallor,

337 1924 440 1991 sensit
461 1923 557 1990 tidem
579 1943 620 1990 ea
641 1945 704 1991 non
726 1923 855 1992 habere.

424 2049 457 2114 p.
476 2031 582 2093 590ass
613 2024 717 2113 Παρὰ
738 2032 857 2115 Λυσίᾳ
879 2029 942 2112 μὲν
964 2021 1005 2095 οὑ
1026 2025 1158 2115 πολλήν
1179 2024 1240 2116 τήν
1261 2024 1478 2114 ἐπιτέχνησιν

339 2124 411 2196 οὔτ’
430 2129 466 2196 ἐν
489 2129 620 2218 (wlff)
648 2144 825 2218 μερισμοῖς
848 2138 915 2200 τῶν
937 2129 1148 2219 πραγμάτων
1171 2125 1244 2198 οὔτ’
1263 2129 1300 2198 ἐν
1321 2137 1360 2216 τῇ
1382 2127 1476 2210 τάξει

337 2241 403 2302 τῶν
425 2231 676 2322 ἐνθυμημάτων
698 2230 774 2302 οὔτε
798 2233 834 2302 ἐν
856 2248 930 2313 ταῖς
954 2234 1163 2323 ἐξεργασίαις
1193 2229 1304 2302 αὑτῶν
1330 2230 1472 2320 ὄψεται·

338 2331 469 2415 ἁπλοῦς
492 2337 554 2425 γάρ
579 2332 597 2404 ὑ
622 2331 717 2426 άνήρ.
743 2332 829 2426 παρ’
852 2333 965 2424 Ἰσαίῳ
995 2339 1032 2404 δέ
1063 2340 1120 2404 καί
1146 2335 1384 2426 τεχνικώτερον
1412 2333 1475 2425 ήδη

338 2438 497 2526 γινόμενα
521 2448 627 2508 ταῦτα
650 2435 793 2529 εὑρήσει.
833 2443 917 2509 Ante
939 2443 1132 2530 particulam
1150 2446 1208 2508 καί
1220 2441 1345 2525 aliquid
1360 2440 1474 2508 deesse

338 2543 491 2610 Reialriua
513 2545 689 2631 perspexit,
715 2564 908 2629 quamquam
930 2566 1014 2630 quae
1035 2545 1106 2631 ipse
1122 2546 1288 2632 proposuit
1302 2541 1475 2612 inserenda

338 2643 574 2732 ποικιλὸτερον
605 2649 658 2715 vel
696 2646 972 2736 πανουργότερον
1003 2649 1109 2716 minus
1141 2650 1252 2735 probo.
1298 2647 1475 2734 Dionysius

338 2749 481 2834 scripsit:
508 2744 592 2836 παρ’
607 2743 719 2836 Ἰσαίῳ
743 2751 778 2816 δὲ
795 2745 1143 2839 (ἀκριβέστερον)
1159 2753 1215 2816 καί
1238 2749 1476 2836 τεχνικώτερον

338 2846 399 2939 ήδη
423 2847 583 2936 γινόμενα
606 2859 711 2919 ταῦτα
742 2847 890 2942 εὑρήσει,
924 2854 965 2920 ef.
991 2853 1077 2921 Isaei
1099 2853 1198 2920 vitam
1221 2875 1275 2940 ap.
1301 2853 1472 2920 Westerm.

338 2953 440 3039 biogr.
465 2975 498 3040 p.
517 2957 608 3022 teia
630 2955 664 3022 in
684 2975 723 3023 ea
738 2957 778 3024 de
793 2978 857 3041 qua
878 2957 986 3041 agitur
1008 2963 1099 3042 parte
1119 2954 1311 3042 sDionysio
1325 2955 1474 3023 haustam

341 3054 437 3142 παρὰ
456 3061 574 3144 Λυσίᾳ
594 3058 658 3141 μὲν
681 3053 720 3126 οὑ
742 3057 873 3146 πολλήν
902 3055 962 3148 τήν
984 3063 1104 3147 τέχνην
1131 3053 1317 3147 εὑρήσομεν
1346 3053 1420 3126 οὔτ’
1439 3057 1478 3125 ἐν

339 3171 411 3237 τοῖς
432 3173 609 3248 μερισμοῖς
632 3169 698 3229 τῶν
718 3161 931 3250 πραγμάτων
954 3157 1025 3229 οὔτ’
1045 3161 1083 3230 ἐν
1103 3169 1141 3249 τῇ
1165 3161 1259 3243 τάξει
1280 3171 1346 3230 τῶν
1372 3161 1477 3228 ἐνθυ-

340 3260 519 3352 μημάτων,
551 3261 648 3352 παρὰ
670 3259 699 3330 δ’
721 3259 834 3352 Ἰσαίῳ
863 3263 996 3354 πολλή
1026 3275 1098 3354 τῆς
1128 3273 1278 3356 τέχνης
1304 3260 1324 3354 ή
1353 3260 1477 3351 ἀκρί-

340 3371 452 3451 tieem
479 3369 520 3435 de
535 3369 628 3435 Isaeo
643 3367 740 3435 india.
761 3389 793 3454 p.
810 3373 885 3436 59οι
910 3363 929 3457 ή
946 3369 983 3436 δὲ
995 3364 1122 3436 Ἰσαίου
1141 3373 1195 3454 [ss.
1215 3371 1313 3455 λέξις)
1339 3391 1478 3451 τεχνι-

340 3477 504 3559 κωτέρα
528 3469 658 3551 δόξειεν
680 3467 722 3539 ἂν
744 3467 832 3539 εἶναι
854 3474 911 3539 καὶ
934 3467 1222 3560 ἀκριβεστέρα
1245 3481 1304 3561 τῆς
1324 3477 1476 3540 Λυσίου.

426 3610 459 3679 p.
479 3595 584 3659 5901⁵s
607 3597 723 3678 Μέχρι
745 3595 876 3660 πολλοῦ
898 3591 1042 3680 προάγει
1064 3591 1125 3671 τὰς
1146 3601 1213 3660 τῶν
1228 3592 1478 3681 ἐγχειρημάτων

341 3695 549 3783 ἐξεργασίας.
588 3695 758 3764 Rescribaa
774 3715 884 3764 vocem
900 3697 1084 3764 sollemnem
1110 3695 1473 3785 ἐπιχειρημάτων;

341 3800 382 3869 es.
408 3821 437 3868 e.
463 3821 496 3886 g.
520 3821 553 3886 p.
578 3801 654 3866 487⁵
689 3801 769 3886 περὶ
796 3798 857 3878 τὰς
886 3799 1082 3888 ἐξεργασίας
1112 3807 1178 3868 τῶν
1207 3799 1478 3888 ἐπιχειρημάτων

342 3899 470 3993 ἀφελής
492 3925 552 3982 τις.
601 3905 692 3970 esea
715 3901 801 3969 κατὰ
826 3903 862 3970 es
885 3903 945 3992 τήν
968 3903 1165 3988 οἰκονομίαν
1185 3907 1238 3988 (se.
1256 3906 1420 3990 λείπεται)
1440 3911 1476 3990 τῇ

340 4005 433 4088 τάξει
455 4009 512 4073 καλ
534 4019 609 4084 ταῖς
632 4005 841 4092 ἐξεργασίαις
865 4013 931 4074 τῶν
953 4005 1233 4096 ἐπιχειρημάτων.

341 4145 546 4157 ω

413 4233 428 4290 ll
456 4229 637 4295 „Geaclrlehte
662 4231 712 4286 dar
735 4229 872 4286 attlschan
891 4229 1115 4286 Beredaamkait¹⁴
1136 4231 1163 4286 11
1183 4233 1245 4284 liis
1274 4233 1285 4298 η
1313 4231 1414 4297 tirasc
1432 4243 1475 4286 at-

343 4313 420 4370 aedlt
438 4331 472 4369 ex
490 4317 550 4370 vlta
568 4315 640 4373 isaei
660 4332 705 4385 ap.
721 4313 868 4372 Weeterm.
888 4315 977 4386 biogr.
998 4335 1026 4388 p.
1041 4317 1133 4370 istra.
