3280 4934
572 449 611 459 -
658 411 755 495 [nr]
801 449 840 458 -
1194 477 1200 492 ,
1239 411 1279 477 νε

1184 525 1203 556 fl

143 609 304 694 Lysander
326 613 359 672 et
381 606 493 684 effecit,
520 614 556 674 ut
582 607 716 691 triginta
739 605 798 671 viri
827 607 1075 672 instituerentur.
1126 606 1283 690 Sequitur,

142 723 178 780 ut
205 735 279 798 pars
306 735 465 779 murorum
493 719 577 779 certe
605 714 738 797 triginta
759 713 834 778 viris
862 713 1017 779 institutis
1046 713 1206 779 destructa
1228 715 1282 794 sit3

62 889 66 900 ,
143 822 230 886 cuius
257 821 304 884 rei
332 821 426 884 etiam
455 819 576 885 diserta
601 821 783 886 testimonia
805 819 940 904 Lycurgi
969 826 1001 885 et
1028 819 1203 886 Pausaniae
1232 844 1282 886 ex-

143 933 235 992 stent.
284 927 355 1011 Lyc.
383 926 415 991 in
442 925 627 992 Leonnatum
653 930 673 1008 ξ
696 926 734 990 61
767 917 862 1013 ἡμῶν
888 918 950 1013 γὰρ
978 917 998 1012 ἡ
1030 923 1128 1004 πόλις
1150 919 1191 993 τὸ
1222 929 1283 1013 μὲν

142 1024 287 1100 παλαιὸν
319 1025 386 1098 ὑπὸ
418 1038 489 1097 τῶν
520 1028 699 1118 τυράννων
731 1029 984 1119 κατεδουλώθη,
1015 1027 1055 1098 τὸ
1086 1026 1119 1098 δ’
1142 1025 1283 1120 ὕστερον

144 1131 210 1206 ὑπὸ
241 1146 310 1204 τῶν
339 1134 521 1225 τριάκοντα
557 1141 614 1205 καί
641 1131 709 1204 ὑπὸ
734 1138 1011 1223 Λακεδαιμονίων
1038 1131 1079 1205 τὰ
1107 1143 1197 1228 τείχη
1225 1166 1283 1207 κα·

143 1246 324 1335 δηρίθη.ῑ)
375 1246 621 1325 Paus.1,2,2
648 1241 691 1312 τὰ
717 1239 780 1333 γὰρ
811 1246 1072 1332 θεμιστοκλέους
1100 1245 1155 1334 (sc.
1178 1247 1282 1336 τείχη)

142 1394 184 1404 -
208 1355 358 1424 exstructi
382 1359 487 1420 autem
511 1358 584 1420 sunt
610 1377 630 1421 a
652 1354 862 1420 Themistocle
889 1354 993 1444 Piraei
1020 1355 1101 1419 muri
1130 1393 1172 1402 -
1200 1346 1282 1439 μετὰ

142 1453 202 1549 τὴν
235 1454 446 1548 ἀναχώρησιν
475 1459 744 1550 οἰκοδομηθέντα
770 1453 832 1548 τὴν
860 1457 988 1548 Μήδων
1016 1459 1071 1527 ἐπί
1099 1467 1157 1548 τῆς
1185 1451 1284 1548 ἆρχῆς

140 1568 317 1656 καθηρέθη
355 1575 425 1633 τῶν
462 1564 645 1655 τριάκοντα
683 1561 952 1654 ὀνομαζομένων.
1023 1569 1114 1648 Quod
1151 1569 1177 1634 si
1215 1572 1283 1633 tum

140 1679 266 1742 demum
288 1696 395 1741 muros
418 1675 551 1741 diruisse
574 1675 772 1760 Lysandrum
795 1697 998 1754 sumeremus,
1021 1698 1091 1742 eum
1111 1675 1283 1742 Athenien·
1383 1684 1386 1692 '

140 1805 189 1850 ses
211 1782 312 1868 pactis
334 1803 397 1847 non
420 1782 595 1860 stetissent,
621 1789 806 1868 sequeretur
827 1783 1024 1868 Lysandrum
1051 1783 1185 1867 triginta
1207 1783 1284 1850 viris

140 1891 203 1956 iam
226 1889 381 1955 institutis
404 1911 509 1955 muros
529 1890 671 1969 diruisse,
694 1891 727 1957 id
751 1893 835 1978 quod
859 1897 943 1956 certe
961 1913 1020 1956 nec
1038 1890 1202 1956 Scheibius
1225 1913 1283 1956 nec

141 1995 268 2063 Curtius
296 1995 483 2082 probabunt.
536 1997 659 2064 Deinde
688 1997 845 2064 Aristides
854 1999 879 2084 ²)
909 2019 1014 2064 muros
1038 1997 1186 2065 disiectos
1214 2021 1282 2064 csse

139 2103 180 2169 ab
206 2102 448 2170 Atheniensibus
475 2105 551 2188 ipsis
574 2117 696 2182 narrat,
719 2104 766 2170 ita
787 2111 825 2169 ut
847 2105 983 2170 manime
1005 2103 1118 2169 saltem
1144 2125 1218 2188 pars
1241 2103 1282 2170 ab

139 2213 184 2276 cis
213 2209 345 2275 disiecta
372 2232 439 2276 esse
465 2211 617 2276 rideatur.
668 2209 716 2275 Ex
748 2231 810 2296 quo
844 2209 1011 2287 efficietur,
1042 2217 1080 2276 ut
1111 2211 1282 2295 Lysander,

138 2318 200 2384 nisi
225 2339 384 2383 murorum
407 2317 651 2384 disiciendorum
674 2318 800 2382 initium
823 2315 933 2382 iecisse
956 2321 1094 2401 putetur,
1118 2317 1198 2382 nihil
1220 2317 1282 2383 uisi

137 2425 290 2508 reliquias
308 2445 469 2488 murorum
488 2423 648 2490 deleverit.
686 2422 746 2489 Sed
766 2430 851 2489 recte
872 2424 1042 2490 verendum
1061 2429 1153 2508 putat
1171 2423 1282 2490 Stede-

136 2531 257 2598 feldtus
280 2553 311 2614 p.
338 2531 387 2608 13,
411 2553 450 2596 ne
472 2531 640 2596 ridiculum
663 2531 768 2614 potius
792 2551 887 2614 quam
910 2530 1058 2596 sollemne
1080 2529 1282 2615 praebiturus

135 2639 237 2705 fuerit
259 2637 480 2722 spectaculum,
503 2637 530 2702 si
554 2659 624 2702 cum
647 2643 696 2702 tot
720 2637 917 2703 caerimoniis
936 2638 1063 2703 ultimos
1081 2638 1164 2702 muri
1187 2637 1281 2702 semi-

134 2747 205 2813 ruti
228 2745 350 2828 lapides
373 2745 442 2809 loco
461 2745 616 2810 movisset.
653 2743 796 2828 Denique
820 2745 889 2828 ipsa
912 2767 975 2828 qua
992 2744 1153 2830 Lysander
1176 2765 1282 2809 muros

134 2852 275 2922 diruerit
303 2852 385 2917 ratio
409 2851 535 2916 silentio
560 2873 621 2917 non
644 2853 878 2936 praetereunda
905 2859 960 2918 est.
1006 2851 1153 2937 Legimus
1176 2858 1282 2917 autem

132 2963 218 3030 haec
245 2959 329 3044 apud
358 2957 612 3042 Xenophontem:
645 2949 688 3023 τὰ
715 2960 805 3046 τείχη
833 2957 1065 3026 κατέσκαπτον
1093 2950 1155 3024 ὑπ’
1184 2949 1282 3044 αὔλη-

132 3067 266 3158 τρίδων
293 3069 402 3150 πολλῇ
428 3066 603 3154 προθυμίᾳ
631 3066 822 3150 νομίζοντες
849 3063 981 3153 ἐκείνην
1004 3057 1066 3153 τὴν
1093 3057 1218 3152 ἡμέραν
1241 3071 1282 3147 τῇ

128 3170 264 3244 Ἑλλάδι
292 3167 404 3260 ἄρχειν
431 3179 489 3259 τῆς
517 3170 709 3258 ἐλευθερίας
731 3172 785 3259 (Η.
806 3172 842 3238 G.
864 3172 902 3249 ΙΙ,
925 3173 955 3250 2,
978 3171 1013 3256 3)
1043 3177 1075 3238 et
1101 3171 1186 3256 apud
1209 3170 1282 3235 Plu-

132 3283 296 3350 tarchum:
325 3272 344 3344 ὃ
374 3271 407 3344 δ’
435 3265 498 3343 οὖν
521 3273 716 3364 Λύσανδρος
741 3269 869 3355 πολλὰς
895 3277 956 3364 μὲν
981 3277 1017 3360 ἐξ
1039 3273 1155 3355 ἄστεος
1182 3301 1281 3362 μετα-

130 3381 355 3476 πεμψάμενος
382 3377 594 3473 αὐλητρίδας,
626 3381 735 3462 πάσας
768 3385 804 3451 δὲ
835 3377 895 3463 τὰς
922 3384 958 3452 έν
986 3393 1035 3472 τῷ
1064 3383 1281 3470 στρατοπέδῳ

209 3587 229 3641 'l
250 3581 399 3650 Perpetem
415 3579 557 3634 Nicolaitis
576 3585 604 3634 et
622 3579 819 3646 Rehdautzius,
838 3580 978 3635 novissimi
998 3580 1126 3646 editores,
1146 3579 1230 3635 verbe
1249 3575 1282 3634 rh

130 3673 159 3732 δ’
176 3663 368 3742 ίῗστερονίαὸ
382 3673 440 3724 τῶν
458 3663 613 3740 τριάκοντα
631 3677 691 3724 arte
710 3671 860 3724 cohaerere
879 3685 940 3724 cum
960 3669 1097 3739 prioribus
1116 3673 1222 3738 putent,
1242 3667 1282 3722 ita

130 3777 162 3824 ut
182 3783 200 3820 a
221 3759 316 3818 verbis
335 3761 384 3813 καί
403 3752 457 3814 ὑπὸ
480 3761 538 3812 τῶν
555 3759 791 3826 Λακεδαιμονίων
814 3752 849 3813 τὰ
867 3757 943 3828 τείχη
963 3755 1116 3828 καθῃρέθη
1136 3757 1281 3826 seiungen-

130 3865 190 3912 tur:
210 3859 244 3908 ut
264 3849 338 3905 enim
354 3847 437 3902 verba
452 3846 596 3916 sequeutia
614 3849 663 3902 καί
678 3844 711 3902 έκ
725 3843 835 3903 τούτων
848 3842 1020 3918 ἀμφοτέρων
1039 3841 1282 3916 ἠλευθερώθημεν

129 3948 247 4008 docent,
275 3938 380 3994 duobus
404 3935 534 3990 membris
558 3941 685 3991 constant
711 3937 816 4007 priora,
841 3953 954 4006 quorum
978 3935 1096 3991 alterum
1120 3933 1283 4006 exprimitur

129 4033 226 4092 verbis
252 4023 268 4099 ἢ
295 4021 376 4090 πόλις
399 4019 453 4081 ὑπὸ
478 4028 534 4078 τῶν
557 4019 703 4096 τυράννων
726 4021 937 4094 κατεδουλώθη,
967 4025 1084 4081 alterum
1108 4023 1199 4080 verbis
1226 4016 1281 4078 tat

129 4129 190 4184 τῶν
214 4113 374 4194 τριάκοντα
397 4115 445 4169 καί
468 4107 523 4169 ὑπὸ
548 4115 782 4182 Λακεδαιμονίων
803 4111 839 4170 τὰ
862 4115 939 4185 τείχη
964 4112 1129 4187 zelandum
1157 4113 1186 4167 id
1209 4111 1282 4167 enim

129 4219 223 4288 ipsum
250 4205 326 4280 quod
349 4203 420 4259 muri
443 4203 577 4260 destructi
600 4209 691 4272 erant,
715 4203 834 4260 servitus
858 4209 983 4259 extrema
1006 4211 1035 4260 et
1057 4201 1202 4260 calamitas
1220 4218 1281 4272 gra·

129 4305 248 4364 sissima
268 4294 434 4354 hebebatur.

224 4391 246 4461 ¹)
271 4383 361 4444 Rhod.
377 4384 389 4437 I
408 4401 435 4452 p.
450 4384 502 4439 822
521 4381 584 4438 Ddf.
606 4379 759 4452 Ἀθηναίων
776 4387 825 4454 τῆς
844 4375 997 4454 ἡγεμονίας
1015 4378 1216 4452 στερηθέντων
1235 4383 1282 4438 καί

131 4480 166 4544 τὰ
187 4481 268 4553 τείχη
288 4479 351 4538 ταῖς
371 4467 481 4527 ἑαυτῶν
497 4473 579 4543 χερσί
599 4469 857 4542 καταοκαιμοίντων.
