3268 4920
196 499 201 512 ι
296 403 355 465 ros
724 438 767 450 -
815 403 899 486 [ras]
947 439 990 450 -

291 607 386 672 quam
420 589 527 656 omisit
550 587 741 656 Cornificius
770 590 897 656 dicendi
929 591 1076 669 formula,
1109 611 1174 674 qua
1196 591 1428 656 transiretora

291 691 392 758 tribus
415 691 616 776 purgationis
645 692 1008 776 partibus-generaliter
1022 693 1116 760 dictis
1131 693 1173 758 ad
1196 693 1333 777 primam
1355 693 1376 757 i.
1395 713 1424 758 e.

290 795 557 863 necessitudinem
573 796 702 880 proprie
717 796 928 864 tractandam.
961 798 1076 880 Itaque
1088 797 1317 864 interciderunt
1330 798 1426 862 verba

290 899 358 980 iere
380 899 476 966 haec:
517 903 596 964 Oum
618 899 651 964 in
672 900 929 966 necessitudinem
951 924 1048 966 carrea
1069 903 1261 986 conferetur,
1287 901 1339 966 vel
1361 900 1427 968 alia

289 1003 457 1071 eiusmodi.
498 1003 587 1070 Haec
604 1002 702 1086 igitur
716 993 816 1071 verba
836 1011 1008 1089 postquam
1024 1010 1234 1086 evanuerunt,
1261 1025 1343 1088 quae
1358 1009 1427 1070 erat

289 1107 408 1174 lacuna
428 1107 462 1172 in
483 1107 556 1192 ipso
577 1106 687 1174 codice
708 1107 886 1192 archetypo
910 1109 992 1176 lalso
1022 1109 1152 1193 expleta
1184 1115 1244 1174 est.
1271 1146 1310 1156 —
1341 1107 1427 1173 Alibi

289 1229 416 1294 quoque
433 1211 522 1297 apud
537 1211 741 1278 Cornificium
758 1211 916 1278 eiusmodi
938 1211 1136 1278 transitionis
1155 1211 1312 1280 formulae
1328 1211 1426 1278 inter-

289 1313 452 1382 ciderunt:
485 1315 528 1394 Η,
552 1319 601 1396 13,
627 1318 667 1379 20
691 1313 723 1380 in
747 1315 826 1394 linc;
853 1315 908 1398 IV,
933 1317 980 1395 13,
1004 1317 1041 1380 18
1064 1315 1098 1380 in
1120 1315 1194 1380 tina.

376 1418 470 1484 Corn.
490 1419 531 1500 Π,
553 1421 603 1494 16,
622 1421 675 1484 23.
723 1418 868 1484 Prr'rnnm
883 1419 1145 1484 considerandam
1160 1426 1217 1496 est,
1243 1439 1317 1482 ream
1332 1419 1425 1501 culpa

290 1529 413 1588 neretum
435 1521 531 1587 sitin
545 1521 822 1598 necessitudinem
844 1521 955 1586 deinde
974 1523 1194 1606 merendam,
1219 1544 1313 1606 ceqno
1336 1522 1426 1584 neeric

290 1625 337 1690 cio
366 1625 425 1692 illu
453 1625 551 1690 uitari
575 1625 716 1710 potnerit
745 1649 782 1690 ae
811 1626 921 1690 levari.
977 1625 1098 1702 Eodem
1132 1632 1205 1692 actu
1240 1624 1288 1691 vis
1318 1623 1426 1708 aliqua

291 1729 403 1812 nequit
425 1728 520 1794 simul
544 1735 577 1796 et
599 1729 692 1794 vitari
721 1735 753 1795 et
783 1729 901 1806 levari;
935 1736 992 1794 aut
1021 1728 1105 1796 cuim
1130 1729 1257 1808 vitatur,
1291 1735 1326 1792 ut
1353 1747 1425 1792 oum

291 1831 404 1898 vitatio
418 1831 667 1916 comprehendat
688 1831 721 1898 in
745 1851 781 1898 se
803 1831 1007 1912 lavationem,
1034 1830 1171 1898 levando
1194 1851 1257 1896 non
1274 1831 1316 1896 sit
1330 1849 1423 1915 opus,

290 1939 346 2000 aut
367 1935 494 2001 levatur
515 1955 619 2019 neque
642 1935 739 2019 igitur
762 1935 890 2002 vitatur.
942 1936 1055 2018 Itaque
1078 1934 1282 2002 scribendum
1307 1940 1356 1999 est
1378 1935 1426 1998 υί-

292 2038 358 2102 tari
371 2037 515 2122 potnerit
536 2047 592 2104 ont
613 2039 730 2118 tecam
756 2049 812 2106 ant
834 2039 917 2105 enim
943 2038 1002 2106 boe
1025 2040 1106 2116 loco,
1132 2044 1167 2104 ut
1187 2057 1296 2123 saepe,
1324 2037 1426 2121 signi-

291 2141 366 2208 ficat
387 2151 443 2207 ant
464 2151 564 2220 certe,
596 2151 652 2208 ant
673 2144 794 2208 adnm.
841 2141 944 2208 Simili
975 2141 1070 2208 modo
1092 2150 1148 2206 act
1177 2147 1210 2208 et
1231 2165 1268 2206 ae
1290 2140 1425 2208 contusa

291 2253 365 2312 snut
394 2245 427 2312 in
457 2243 618 2314 codicibus
640 2247 690 2328 Il,
719 2251 746 2328 l,
773 2250 793 2310 2
820 2245 863 2328 (iu
885 2246 959 2326 tine)
992 2254 1048 2310 act
1073 2253 1205 2330 partas,
1241 2243 1295 2310 ubi
1323 2268 1361 2309 oe
1387 2267 1422 2327 p.

290 2351 339 2430 pei,
359 2353 389 2428 2,
414 2370 431 2414 r
453 2370 484 2416 v.

377 2454 471 2520 Corn.
490 2453 532 2536 ΙΙ,
556 2457 604 2535 18,
624 2457 664 2518 28
688 2455 770 2518 ratio
792 2462 839 2518 eat
861 2476 940 2539 qnae
962 2475 1090 2518 cansam
1105 2453 1297 2518 demonstrat
1320 2473 1424 2516 ceram

289 2579 355 2622 esse
383 2556 416 2620 in
438 2580 532 2641 qaam
554 2557 752 2622 intendimus.
799 2555 951 2623 Codicum
981 2555 1134 2623 lectiones
1165 2556 1226 2623 hae
1256 2561 1345 2621 sunt:
1378 2564 1426 2618 eat

291 2683 369 2744 qnae
399 2683 525 2726 canaam
548 2659 648 2745 hp¹n,
682 2671 728 2726 eat
751 2683 831 2746 qnae
853 2683 948 2725 ennae
970 2664 1063 2745 p²p¹,
1099 2683 1194 2725 carnea
1223 2669 1269 2723 est
1292 2681 1350 2744 pne
1371 2662 1422 2740 pri,

290 2772 337 2830 est
359 2787 455 2830 canoa
477 2787 556 2852 quae
579 2765 668 2844 tell.;
703 2786 900 2829 aerumnose
928 2763 1079 2850 inquam
1103 2789 1140 2846 n,
1173 2785 1282 2828 aerum
1305 2785 1370 2826 osec
1393 2762 1425 2826 in

292 2870 377 2954 qnod
397 2873 442 2952 pi,
475 2889 584 2932 aeram
614 2891 679 2932 esse
708 2867 744 2932 ici
772 2869 857 2953 qnod
882 2869 953 2934 rell.
1001 2868 1138 2935 Verbum
1168 2890 1262 2932 canan
1291 2887 1361 2934 cum
1392 2866 1425 2932 in

290 2971 454 3038 codicibus
481 2969 596 3057 partim
619 2971 817 3038 nominativo
845 2970 962 3058 partim
990 2971 1176 3038 accusativo
1204 2971 1361 3056 prolatum
1385 2971 1427 3036 sit

290 3095 385 3158 casu,
420 3083 452 3142 et
481 3075 597 3160 partim
627 3076 660 3140 in
691 3073 909 3141 enuntiatione
939 3073 1075 3141 relativa
1104 3073 1218 3159 partim
1249 3081 1323 3140 ante
1352 3093 1423 3138 eam

290 3181 433 3264 legatur,
470 3178 697 3246 videturesse
727 3179 890 3262 glossema
913 3178 1060 3244 vocabuli
1083 3177 1164 3242 ratio
1193 3175 1424 3262 interpretandi

290 3304 389 3350 causa
411 3283 673 3369 superscriptum.
713 3280 806 3359 Quod
829 3281 857 3347 si
874 3287 959 3348 recte
974 3281 1185 3366 suspicamur,
1212 3279 1307 3346 simul
1323 3281 1425 3345 altera

289 3385 502 3453 adsciscendo
523 3393 574 3454 est
594 3385 699 3466 lectio,
729 3405 825 3468 quarn
848 3385 994 3470 plerique
1014 3384 1143 3452 codices
1169 3384 1247 3469 (hp1)
1275 3383 1426 3450 exhibent

290 3511 399 3555 nerum
421 3515 487 3556 esse
508 3490 544 3554 id
563 3490 656 3576 qnod.
704 3489 816 3572 Neque
839 3487 925 3554 enim
952 3486 1155 3572 respicienda
1181 3507 1254 3553 esse
1282 3505 1424 3569 eaquae

290 3595 323 3660 in
346 3593 458 3662 codiee
480 3598 517 3680 p²
538 3593 677 3678 legimus
696 3613 805 3656 uerum
821 3613 887 3658 eoae
909 3591 941 3655 in
964 3593 1048 3676 qnod
1067 3590 1267 3665 iretcradimna,
1292 3609 1333 3655 ex
1352 3589 1424 3674 ipso

292 3696 453 3764 Cornificii
483 3695 608 3764 dicendi
639 3715 699 3760 usu
730 3695 941 3780 cognoscitur,
973 3695 1027 3777 qui
1057 3715 1098 3762 en
1127 3692 1310 3759 intendendi
1328 3693 1427 3758 verbo

291 3807 473 3868 constanter
500 3800 640 3885 pendere
667 3798 747 3865 velit
773 3799 1008 3866 accusativum:
1048 3798 1090 3877 ΙΙ,
1117 3801 1168 3878 28,
1196 3801 1236 3860 45
1265 3797 1426 3861 interretere

290 3905 553 3978 controversiam
593 3902 647 3981 IV,
676 3905 727 3982 27,
748 3903 787 3967 37
811 3901 980 3965 intendisse
1002 3900 1190 3977 orationem;
1232 3899 1287 3978 lV,
1311 3903 1363 3978 nc,
1384 3904 1425 3961 40

294 4007 397 4092 (ratio)
422 4030 488 4072 ann
515 4005 716 4092 relinquitur,
748 4027 841 4089 ptam
868 4027 925 4069 nos
950 4003 1149 4069 intendimus.
1197 4001 1425 4069 Restituendus

289 4112 387 4196 igitur
409 4117 494 4177 totus
524 4110 612 4176 locus
639 4114 690 4175 est
718 4105 804 4174 hunc
832 4107 865 4173 in
895 4107 1040 4174 modum:
1082 4107 1164 4172 ratio
1194 4115 1240 4171 est
1269 4127 1348 4190 qnae
1369 4106 1425 4170 de-

290 4222 447 4279 monstrat
468 4236 574 4278 vernem
595 4235 660 4278 ease
683 4211 718 4276 id
738 4211 822 4296 qaod
840 4209 1039 4278 intendimen.

378 4317 474 4386 Corn.
491 4319 533 4398 11,
554 4319 606 4398 28,
625 4321 678 4382 45.
732 4318 774 4382 Ut
795 4315 834 4396 ri,
867 4339 936 4382 cnm
958 4323 1169 4399 comparetur,
1199 4321 1306 4378 utram
1327 4311 1426 4376 satiras
