3304 4928
604 455 645 464 -
692 415 789 500 [243]
837 456 878 466 -
1269 418 1313 486 oe

168 606 344 693 μαλώτους
361 604 492 696 ἢγαγεν,
516 602 630 697 ὥσπερ
648 609 919 696 μαντευσάμενος
937 605 998 700 τὴν
1017 605 1207 697 ὑπόσχεσιν,
1231 638 1312 698 quue

168 716 335 782 referenda
357 717 506 784 uidentur
529 718 569 782 ud
594 719 761 784 historiam
780 740 850 784 eum
873 741 966 802 cluam
985 727 1094 785 norrut
1112 719 1311 806 Thucydides

170 823 223 900 lv,
243 823 293 888 28.

259 1038 309 1102 Ad
333 1061 359 1102 v.
385 1037 462 1103 262:

239 1179 260 1246 S
283 1201 306 1246 s.
331 1180 372 1264 gl.
397 1177 623 1268 Χερρόνησος·
1014 1180 1085 1246 Vs:

172 1283 303 1375 Θρᾴκης
346 1283 447 1373 χώρα.
499 1290 556 1354 καί
603 1285 701 1367 πόλις
740 1356 742 1369 ,
782 1296 840 1372 τῆς
857 1284 988 1376 θρᾴκρς
1000 1289 1125 1372 χωρίον
1140 1293 1197 1356 καὶ
1215 1288 1313 1370 πόλις

171 1386 332 1481 ὑποτελὴς
377 1407 447 1472 τοῖς
492 1387 700 1482 Ἀθηναίοις,
783 1388 946 1482 ὑποτελὴς
995 1403 1066 1460 τῶν
1115 1388 1313 1484 Ἀθηναίων,

168 1494 312 1586 εὔφορος
326 1501 372 1579 είς
389 1509 509 1585 πυρῶν
522 1505 699 1589 γεωργίαν·
782 1495 926 1589 εὔφορος
945 1501 991 1580 είς
1003 1511 1117 1589 πυροῦ
1134 1506 1311 1591 γεωργίαν·

168 1597 253 1674 ὅθεν
293 1610 350 1674 καὶ
395 1606 621 1694 ἐσιταγοίγουν
667 1609 700 1677 σί
781 1600 867 1676 ὅθεν
912 1612 969 1676 καὶ
1009 1606 1235 1695 ἐσιταγοίγουν
1280 1610 1313 1677 οἱ

167 1706 355 1802 Ἀθηναῖοι.
379 1707 446 1794 οὓς
465 1712 601 1783 Κλέων
621 1714 699 1784 διὲ-
784 1709 962 1804 Ἀθηναῖοι.
1009 1709 1055 1795 ὡς
1096 1715 1313 1804 ίδιοπραγμό-

168 1839 255 1886 σειε.
781 1846 852 1890 νων
877 1823 911 1888 δὲ
940 1826 997 1890 καὶ
1024 1824 1172 1890 ἰδιωτῶν
1199 1820 1313 1895 ὄντων

780 1937 850 1996 τῶν
862 1934 1151 2018 Χερσονησιωτεῦν
1161 1935 1218 1998 καὶ
1228 1935 1249 2000 δ
1253 1959 1311 2001 ια-

780 2039 960 2106 σείεσθαι
1011 2038 1208 2124 δυναμένων
1253 2037 1311 2130 ῥα-

781 2145 886 2226 δίως,
906 2142 1074 2229 μάλιστα
1090 2146 1126 2212 δὲ
1140 2154 1202 2213 τοῦ
1216 2147 1311 2214 Κλέ-

779 2275 881 2330 ωνος
909 2248 1151 2340 ἐπρρεάζοντὸς
1179 2246 1310 2336 αὐτοὺς,

737 2338 740 2446 l
778 2355 912 2424 τούτων
935 2356 1093 2446 ἐμνήσθη.

255 2539 318 2605 llic
344 2537 458 2606 Suides
488 2539 655 2606 uerbosum
683 2539 922 2625 explicationem
948 2538 1026 2604 V¹O⁵
1054 2561 1117 2604 non
1144 2540 1252 2623 inepte
1279 2541 1312 2606 in

167 2646 297 2712 breuius
320 2653 514 2714 contractem
537 2647 674 2714 exhibet.

255 2755 373 2820 Versus
396 2755 459 2844 397
485 2755 550 2820 398
579 2746 643 2820 κού
669 2756 844 2840 μεθίστησι
872 2762 934 2820 τοῦ
960 2748 1134 2840 χρώματος
1160 2761 1223 2821 τοῦ
1249 2777 1313 2820 πα-

167 2856 369 2946 ρεστηκότος
396 2883 419 2928 ε.
447 2861 487 2946 gl.
516 2854 685 2948 Ἔρδθημα
717 2863 768 2926 his
800 2863 996 2945 explicentur
1026 2861 1147 2937 uerbis,
1180 2884 1312 2946 quorum

167 2967 282 3036 similia
305 2969 337 3032 iu
361 2969 489 3035 scholiis
514 2969 573 3033 Ve
590 2990 654 3035 non
671 2970 834 3052 leguntur:
857 2965 897 3034 τὸ
920 2961 983 3054 γὰρ
1006 2963 1050 3055 μὴ
1075 2966 1238 3054 ἐρυθριᾶν
1258 2967 1314 3034 ἐπὶ

166 3087 238 3152 τοῖς
261 3073 455 3161 εἰρημένοις,
481 3075 553 3141 ἐπεὶ
577 3068 619 3142 οδ
640 3069 837 3160 μεταβάλλει
861 3067 900 3140 τό
922 3083 1049 3160 χρῶμα,
1073 3067 1136 3140 οὐκ
1160 3073 1311 3164 ἐρυθριᾷ.

257 3182 305 3247 Ad
334 3205 361 3248 u.
384 3183 448 3248 401
484 3184 541 3247 καὶ
574 3181 792 3268 διδασκοίμην
819 3177 1002 3270 προσᾴδειν
1030 3183 1207 3266 Μορσίμου
1235 3206 1312 3268 τρα-

166 3289 293 3374 γῳδίαν
321 3311 343 3356 s.
368 3289 408 3372 gl.
433 3285 604 3374 Μόρσιμος
632 3290 710 3355 hoec
737 3287 905 3372 explicatio
933 3289 1017 3373 apud
1044 3287 1175 3354 Suidam
1202 3288 1314 3356 addite

167 3403 228 3462 ost:
251 3395 435 3476 τουτέστιν,
459 3395 690 3482 ίκβαλλοίμρν,
713 3396 770 3460 καὶ
794 3396 1007 3480 συριττοίμρν
1031 3387 1077 3470 ὡς
1100 3391 1235 3474 ἐκεῖνος.

257 3503 306 3568 ld
329 3525 355 3567 v.
379 3501 445 3567 524
472 3496 541 3568 Οὐκ
565 3499 722 3589 ἐξήρκησε
741 3502 1013 3585 inteipretationis
1032 3523 1127 3568 cause
1145 3501 1222 3570 haec
1244 3503 1313 3570 edi-

167 3610 306 3675 ciuntur:
330 3601 393 3674 οόκ
417 3601 553 3692 οἷντίοχε
577 3601 662 3693 πρὸς
685 3602 764 3686 τοὺς
788 3605 935 3695 τρόπους
958 3601 1062 3692 ὑμῶν,

256 3716 306 3782 Ad
330 3737 357 3780 v.
383 3717 447 3782 848
471 3737 495 3781 ε.
519 3716 560 3799 gl.
586 3712 729 3800 Πόρπαξ
751 3737 788 3780 ex
807 3715 923 3782 Suidee
942 3716 1162 3784 adnotatione:
1185 3707 1313 3781 Ἀνετί-

168 3828 274 3890 δεσαν
297 3815 359 3910 γὰρ
382 3815 424 3887 τὰ
449 3819 486 3888 ἐκ
509 3829 580 3887 τῶν
603 3821 762 3906 πολέμων
787 3810 875 3888 ὅπλα
903 3815 984 3888 ἄνευ
1013 3814 1164 3906 ὀχάνων,
1193 3815 1313 3909 ἵναμὴ

169 3924 307 4014 ἑτοίμως
340 3923 454 4007 αὐτοῖς
487 3924 585 4013 ἔχωσι
620 3935 765 4017 χρῆσθαι
803 3928 989 3994 Duebnerus
1027 3924 1168 4011 ἑτοίμως
1204 3949 1313 3994 uocem

168 4036 295 4102 scholiis
322 4037 380 4100 ΥΘ
401 4039 470 4102 iure
493 4037 643 4103 restituit.

255 4145 399 4226 Denique
426 4144 469 4210 ed
496 4165 522 4208 v.
551 4146 571 4209 9
604 4166 627 4210 s.
660 4144 701 4228 gl.
734 4141 926 4215 Ξυναυλὶαν
957 4139 1176 4228 πενθήσομεν
1212 4143 1253 4208 sd
1277 4165 1315 4208 εει

170 4249 295 4328 scholia,
326 4272 407 4335 queo
438 4251 588 4336 leguntur
619 4253 653 4315 iu
680 4250 840 4318 codicibus
870 4251 929 4316 Ve
955 4252 995 4316 de
1018 4250 1153 4334 Olympo
1176 4249 1314 4328 tibicine,

170 4376 207 4420 ox
229 4357 328 4424 Suids
350 4360 526 4444 supplenda
544 4364 617 4426 sunt
635 4358 734 4426 uerba
758 4348 857 4438 οὗτος
882 4359 917 4424 δε
941 4350 960 4424 ὁ
980 4351 1144 4444 Ὄλυμπος
1167 4355 1204 4422 ἐν
1227 4359 1314 4443 Φρυ-

169 4464 221 4551 γίᾳ
244 4458 324 4544 τοὺς
347 4457 546 4554 αδλητικοδς
570 4462 694 4552 νόμους
718 4465 832 4533 ἐποίει.

1118 4571 1153 4624 ρ.
