3304 4928
771 451 813 461 -
858 413 955 498 [218]
1003 451 1043 462 -

719 681 856 746 onem
880 679 1092 746 nuuuavn.

855 863 875 940 ς
900 859 951 924 21.

421 1002 608 1086 Priusquam
647 1007 753 1066 autem
790 1001 909 1066 scholia
950 999 1092 1064 Suidana
1128 1022 1199 1065 cum
1236 1002 1281 1066 eis
1318 1000 1480 1066 codicibus

241 1141 244 1148 ¹
333 1109 581 1192 Aristophanem,
600 1132 638 1174 ex
657 1109 772 1192 quibus
786 1109 908 1173 scholia
921 1107 1135 1182 innotuerunt,
1155 1129 1379 1190 comparemus,
1397 1131 1480 1190 quac

332 1216 416 1280 iuter
439 1215 569 1280 Suidam
593 1223 625 1280 et
648 1221 770 1280 ceteros
793 1213 1033 1296 lexicographos
1058 1204 1256 1294 maximeque
1280 1213 1481 1298 Hesychium,

333 1321 495 1398 photium,
522 1323 675 1387 Zonamm
704 1323 786 1385 ratio
810 1321 1001 1396 intercedat,
1028 1320 1138 1402 paucis
1162 1321 1383 1403 explicandum
1410 1323 1480 1386 erit.
1576 1405 1583 1414 ι

421 1429 467 1493 Ac
489 1430 625 1512 primum
649 1429 775 1510 quidem
800 1427 838 1490 do
862 1427 1005 1490 Zonaru
1029 1427 1097 1490 iure
1120 1449 1158 1490 no
1183 1428 1296 1491 merito
1320 1427 1480 1492 Bernhar-

331 1535 411 1618 dyus
421 1537 446 1618 ¹)
471 1536 646 1618 exagitauit
669 1534 694 1598 T
698 1536 900 1608 ittmanuum,
928 1532 1010 1614 quod
1036 1533 1158 1596 dnobus
1181 1534 1397 1598 uolumenum
1419 1535 1480 1597 Zo-

331 1661 447 1704 ncrom
465 1642 556 1706 nobis
573 1641 775 1717 caecasset,
798 1641 854 1722 qua
872 1639 982 1704 nullas
1001 1659 1143 1722 utiquam
1164 1641 1340 1716 emmisset,
1364 1640 1480 1704 nedum

331 1767 352 1808 a
380 1745 485 1812 Saidc
513 1747 647 1812 describi
668 1751 784 1828 posset.
837 1747 927 1825 Quod
956 1767 1146 1828 quamquam
1174 1769 1236 1811 non
1268 1755 1378 1828 oporte
1406 1767 1480 1811 con-

331 1853 434 1918 tendit
462 1841 676 1930 TittmannuS,
709 1853 838 1918 Suidam
866 1855 1007 1918 Zonarae
1040 1853 1161 1918 lexicon
1193 1853 1308 1934 partim
1338 1853 1479 1936 descrip-

331 1959 458 2039 nissen,
485 1959 649 2044 probabile
673 1967 778 2024 tamen
802 1960 831 2024 ei
855 1959 995 2036 uidetur,
1020 1963 1187 2041 utramque
1210 1982 1248 2022 m:
1271 1961 1383 2024 eisdem
1407 1959 1480 2038 fon·

329 2065 413 2130 tibus
431 2067 583 2145 hausisse,
608 2067 730 2132 Suidae
749 2071 854 2130 autem
873 2066 1003 2143 lemicae,
1025 2067 1120 2148 qualo
1140 2067 1266 2148 quidem
1284 2087 1369 2132 nunc
1386 2067 1480 2130 liobe·

330 2194 413 2252 nauus,
449 2195 465 2236 e
500 2174 633 2238 Zoaura
664 2178 778 2254 posteo
815 2174 1043 2252 interpolatum
1079 2193 1143 2238 osso
1179 2173 1255 2238 locis
1281 2173 1480 2256 plaerinuis.³)

330 2279 429 2344 Immo
461 2279 615 2344 Zonaram
649 2280 698 2344 uel
728 2301 812 2356 enm,
845 2279 899 2364 qui
926 2279 1049 2346 lexicon
1077 2280 1154 2343 illud
1184 2280 1325 2344 Zonaree
1353 2281 1480 2344 nomino

330 2391 475 2450 ornatum
499 2387 727 2470 compilauorit,
750 2386 850 2469 ipsius
868 2385 985 2452 Suidae
1004 2386 1154 2452 thesauro
1174 2409 1266 2452 usum
1285 2407 1353 2450 esse
1370 2388 1481 2468 paucis

330 2493 484 2558 illustrem
507 2494 671 2577 exemplis:

332 2597 481 2682 Equitum
505 2622 550 2666 vv.
575 2601 748 2664 989-991
776 2601 821 2663 sic
843 2598 1007 2663 exhibent:

399 2705 513 2770 Suidas
536 2729 559 2770 a
583 2707 624 2788 gl.
650 2706 790 2790 Ambiori
902 2705 904 2792 j
1078 2706 1216 2770 Zonaras
1241 2705 1255 2769 Ι
1279 2707 1343 2769 592
1419 2767 1425 2779 ,

334 2803 398 2897 Τὴν
436 2813 578 2896 Δωριστὶ
614 2808 722 2898 μόνην
759 2803 862 2897 ‹ippo—
944 2803 1005 2898 τὴν
1044 2813 1186 2896 Δωριστὶ
1226 2807 1334 2898 μόνην
1376 2803 1478 2897 ἁρμο-

706 2919 782 2982 νίαν
807 2910 863 3003 ἂρ·
902 2858 904 2993 l
1321 2920 1396 2982 νιάν
1421 2911 1478 3003 ἆρ-

328 3019 514 3107 μόττεσθαι
544 3020 638 3106 drino
663 3015 724 3108 τὴν
748 3020 863 3109 λύραν,
902 3004 904 3013 ¹
943 3016 1129 3108 uduueodoc
1153 3017 1351 3111 θαυμαστὴν
1370 3021 1477 3108 λύραν

329 3122 433 3214 ἄλλην
453 3122 484 3194 d'
504 3121 566 3194 οὐκ
590 3129 721 3194 ἐθέλειν
740 3135 861 3210 λαβεῖν.
945 3124 1048 3216 ἄλλην
1069 3123 1102 3195 d'
1121 3123 1183 3195 οὐκ
1203 3131 1334 3196 ἐθέλειν
1354 3135 1477 3209 λαβεῖν,

329 3234 511 3318 Singulares
548 3236 665 3301 Suidae
702 3239 888 3320 scripturas,
925 3230 1090 3322 ἁρμονίαν
1122 3239 1266 3303 additum
1300 3247 1332 3301 ot
1366 3240 1479 3316 λαβεῖν
1531 3221 1538 3234 ’

330 3365 386 3426 pro
409 3349 533 3428 μαθεῖν
557 3351 731 3420 exaratum,
759 3345 898 3410 Zonaras
920 3365 1046 3426 qnoque
1069 3350 1177 3408 tuetur
1200 3351 1232 3409 et
1254 3345 1369 3408 uitium
1392 3343 1479 3407 insu·

329 3469 385 3533 per
407 3450 534 3514 addidit
557 3443 755 3536 θαυμαστὴν
779 3473 836 3533 pro
858 3446 954 3535 θάμα
977 3443 1049 3537 τὴν.

329 3555 409 3620 Tum
432 3556 465 3620 in
489 3556 693 3620 adnotatione
716 3557 757 3621 ad
782 3557 838 3640 Eq.
863 3577 908 3623 vv.
936 3558 998 3622 103
1025 3556 1087 3621 104
1110 3557 1262 3639 leguntur

448 3699 451 3706 ·
484 3663 569 3746 apud
593 3661 737 3726 Suidam:
900 3663 903 3815 ἰ
1005 3663 1090 3746 apud
1113 3663 1268 3726 Zonaram
1293 3663 1307 3726 1
1332 3663 1411 3726 813:

330 3781 514 3852 Ἑπίπαστα
558 3777 599 3851 τὰ
641 3783 860 3852 ἐπιπασσό-
900 3818 903 3919 Ι
942 3779 1126 3852 balucem
1158 3778 1200 3850 τὰ
1233 3783 1480 3851 ἐπιπλασσό-

328 3888 860 3978 nevuidataiaoodnevodb')
900 3952 902 3967 ‚
941 3915 1037 3978 μενα
1070 3901 1124 3977 τῷ
1163 3889 1311 3975 σώματι
1345 3885 1478 3973 ἄλφιτα.

329 4007 382 4084 τῷ
415 3995 564 4083 σώματι
597 3993 729 4080 ἄλφιτα.
780 3995 860 4075 ἔθος
899 4006 901 4047 t
943 3995 1023 4076 ἔθος
1046 3991 1222 4084 γὰρκεῖχον
1245 4001 1316 4062 κτλ.

328 4097 389 4191 γὰρ
455 4101 544 4190 εἰχον
603 4118 714 4170 ποιεῖν
777 4110 860 4170 atu·
898 4160 901 4194 Ι

402 4284 421 4350 ¹)
440 4282 468 4336 in
489 4283 652 4338 Commentt.
673 4283 707 4336 de
726 4283 827 4337 Suidae
847 4282 937 4336 lexico
957 4299 1016 4351 cap.
1039 4283 1051 4335 1
1071 4284 1094 4335 4.

401 4373 422 4434 ²)
441 4372 512 4439 quod
532 4371 679 4425 uidebatur
698 4370 883 4426 Valckenario
902 4371 937 4424 od
957 4371 1096 4425 Theocrit.
1117 4389 1142 4440 p.
1163 4373 1223 4425 297.

401 4461 421 4528 ³)
440 4461 618 4530 Prolegomm.
639 4461 674 4515 ed
694 4461 829 4516 Zonaram
849 4477 893 4529 ng.
913 4461 985 4514 Llll.
