<?xml version="1.0" encoding="UTF-8"?>
<!DOCTYPE html PUBLIC "-//W3C//DTD XHTML 1.0 Transitional//EN"
    "http://www.w3.org/TR/xhtml1/DTD/xhtml1-transitional.dtd">
<html xmlns="http://www.w3.org/1999/xhtml" xml:lang="en" lang="en">
 <head>
  <title>
</title>
<meta http-equiv="Content-Type" content="text/html;charset=utf-8" />
  <meta name='ocr-system' content='tesseract 3.04.00' />
  <meta name='ocr-capabilities' content='ocr_page ocr_carea ocr_par ocr_line ocrx_word'/>
</head>
<body>
  <div class='ocr_page' id='page_1' title='image "./dissertationesp01stragoog_0558.png"; bbox 0 0 3304 4922; ppageno 0'>
   <div class='ocr_carea' id='block_1_1' title="bbox 626 347 1327 430">
    <p class='ocr_par' dir='ltr' id='par_1_1' title="bbox 626 347 1327 430">
     <span class='ocr_line' id='line_1_1' title="bbox 626 347 1327 430; baseline -0.009 -19"><span class='ocrx_word' id='word_1_1' title='bbox 626 385 669 394; x_wconf 97' lang='lat'><em>-</em></span> <span class='ocrx_word' id='word_1_2' title='bbox 716 348 801 430; x_wconf 73' lang='grc' dir='ltr'>μου]</span> <span class='ocrx_word' id='word_1_3' title='bbox 847 383 891 394; x_wconf 89' lang='grc'>-</span> <span class='ocrx_word' id='word_1_4' title='bbox 1285 347 1327 406; x_wconf 73' lang='grc' dir='ltr'><strong><em>τι</em></strong></span> 
     </span>
    </p>
   </div>
   <div class='ocr_carea' id='block_1_2' title="bbox 191 532 1336 4321">
    <p class='ocr_par' dir='ltr' id='par_1_2' title="bbox 192 532 1329 1746">
     <span class='ocr_line' id='line_1_2' title="bbox 193 532 1328 619; baseline -0.004 -18"><span class='ocrx_word' id='word_1_5' title='bbox 193 535 354 601; x_wconf 83' lang='lat' dir='ltr'>editionis.</span> <span class='ocrx_word' id='word_1_6' title='bbox 395 536 550 619; x_wconf 79' lang='lat' dir='ltr'>Singulae</span> <span class='ocrx_word' id='word_1_7' title='bbox 572 541 680 602; x_wconf 85' lang='lat' dir='ltr'>eutem</span> <span class='ocrx_word' id='word_1_8' title='bbox 703 534 887 600; x_wconf 74' lang='lat' dir='ltr'>vetustioris</span> <span class='ocrx_word' id='word_1_9' title='bbox 909 532 1029 600; x_wconf 86' lang='lat' dir='ltr'>codicis</span> <span class='ocrx_word' id='word_1_10' title='bbox 1045 533 1183 618; x_wconf 78' lang='lat' dir='ltr'>paginae</span> <span class='ocrx_word' id='word_1_11' title='bbox 1198 533 1238 596; x_wconf 83' lang='grc'>38</span> <span class='ocrx_word' id='word_1_12' title='bbox 1254 551 1328 596; x_wconf 89' lang='lat' dir='ltr'>ver-</span> 
     </span>
     <span class='ocr_line' id='line_1_3' title="bbox 192 635 1328 723; baseline -0.005 -19"><span class='ocrx_word' id='word_1_13' title='bbox 192 659 248 704; x_wconf 88' lang='lat' dir='ltr'>sus</span> <span class='ocrx_word' id='word_1_14' title='bbox 276 639 545 705; x_wconf 81' lang='lat' dir='ltr'>Tauchnitaienos</span> <span class='ocrx_word' id='word_1_15' title='bbox 574 637 863 723; x_wconf 83' lang='lat' dir='ltr'>comprehendunt,</span> <span class='ocrx_word' id='word_1_16' title='bbox 896 636 1024 719; x_wconf 85' lang='lat' dir='ltr'>singula</span> <span class='ocrx_word' id='word_1_17' title='bbox 1051 636 1130 701; x_wconf 82' lang='lat' dir='ltr'>solie</span> <span class='ocrx_word' id='word_1_18' title='bbox 1159 639 1216 713; x_wconf 85' lang='lat'>76;</span> <span class='ocrx_word' id='word_1_19' title='bbox 1248 635 1328 698; x_wconf 84' lang='lat' dir='ltr'>Am-</span> 
     </span>
     <span class='ocr_line' id='line_1_4' title="bbox 192 737 1329 826; baseline -0.005 -18"><span class='ocrx_word' id='word_1_20' title='bbox 192 741 332 808; x_wconf 86' lang='lat' dir='ltr'>brosiani</span> <span class='ocrx_word' id='word_1_21' title='bbox 360 741 459 826; x_wconf 89' lang='lat' dir='ltr'>igitur</span> <span class='ocrx_word' id='word_1_22' title='bbox 487 741 589 808; x_wconf 87' lang='lat' dir='ltr'>hiatui</span> <span class='ocrx_word' id='word_1_23' title='bbox 615 743 676 806; x_wconf 87' lang='grc'>609</span> <span class='ocrx_word' id='word_1_24' title='bbox 707 759 857 808; x_wconf 88' lang='lat' dir='ltr'>versuum</span> <span class='ocrx_word' id='word_1_25' title='bbox 886 739 1081 824; x_wconf 88' lang='lat' dir='ltr'>respondent</span> <span class='ocrx_word' id='word_1_26' title='bbox 1111 742 1130 804; x_wconf 85' lang='lat'>8</span> <span class='ocrx_word' id='word_1_27' title='bbox 1153 738 1221 804; x_wconf 85' lang='lat' dir='ltr'>fere</span> <span class='ocrx_word' id='word_1_28' title='bbox 1250 737 1329 803; x_wconf 83' lang='lat' dir='ltr'>lolia</span> 
     </span>
     <span class='ocr_line' id='line_1_5' title="bbox 192 840 1328 926; baseline -0.002 -18"><span class='ocrx_word' id='word_1_29' title='bbox 192 845 375 912; x_wconf 81' lang='lat' dir='ltr'>vetustioris</span> <span class='ocrx_word' id='word_1_30' title='bbox 391 843 523 910; x_wconf 85' lang='lat' dir='ltr'>codicis.</span> <span class='ocrx_word' id='word_1_31' title='bbox 570 843 736 909; x_wconf 87' lang='lat' dir='ltr'>Intercidit</span> <span class='ocrx_word' id='word_1_32' title='bbox 762 843 861 926; x_wconf 84' lang='lat' dir='ltr'>igitur</span> <span class='ocrx_word' id='word_1_33' title='bbox 888 863 971 908; x_wconf 86' lang='lat' dir='ltr'>unus</span> <span class='ocrx_word' id='word_1_34' title='bbox 1001 841 1179 924; x_wconf 86' lang='lat' dir='ltr'>quaternio.</span> <span class='ocrx_word' id='word_1_35' title='bbox 1226 840 1328 906; x_wconf 86' lang='lat' dir='ltr'>Simul</span> 
     </span>
     <span class='ocr_line' id='line_1_6' title="bbox 193 944 1323 1031; baseline -0.003 -20"><span class='ocrx_word' id='word_1_36' title='bbox 193 948 331 1031; x_wconf 86' lang='lat' dir='ltr'>spatium</span> <span class='ocrx_word' id='word_1_37' title='bbox 355 947 388 1012; x_wconf 91' lang='lat' dir='ltr'>in</span> <span class='ocrx_word' id='word_1_38' title='bbox 403 945 613 1013; x_wconf 83' lang='lat' dir='ltr'>Ambrosieuc</span> <span class='ocrx_word' id='word_1_39' title='bbox 635 967 772 1012; x_wconf 89' lang='lat' dir='ltr'>vacuum</span> <span class='ocrx_word' id='word_1_40' title='bbox 795 945 940 1011; x_wconf 89' lang='lat' dir='ltr'>relictum</span> <span class='ocrx_word' id='word_1_41' title='bbox 963 965 1027 1011; x_wconf 91' lang='lat' dir='ltr'>non</span> <span class='ocrx_word' id='word_1_42' title='bbox 1043 944 1167 1010; x_wconf 84' lang='lat' dir='ltr'>scribae</span> <span class='ocrx_word' id='word_1_43' title='bbox 1182 944 1323 1026; x_wconf 82' lang='lat' dir='ltr'>arbitrio,</span> 
     </span>
     <span class='ocr_line' id='line_1_7' title="bbox 193 1047 1328 1134; baseline -0.004 -19"><span class='ocrx_word' id='word_1_44' title='bbox 193 1051 253 1115; x_wconf 88' lang='lat' dir='ltr'>sed</span> <span class='ocrx_word' id='word_1_45' title='bbox 275 1050 450 1134; x_wconf 84' lang='lat' dir='ltr'>exemplari</span> <span class='ocrx_word' id='word_1_46' title='bbox 474 1069 537 1133; x_wconf 91' lang='lat' dir='ltr'>quo</span> <span class='ocrx_word' id='word_1_47' title='bbox 559 1051 587 1116; x_wconf 91' lang='lat' dir='ltr'>is</span> <span class='ocrx_word' id='word_1_48' title='bbox 610 1049 758 1116; x_wconf 85' lang='lat' dir='ltr'>utebatur</span> <span class='ocrx_word' id='word_1_49' title='bbox 780 1049 890 1115; x_wconf 88' lang='lat' dir='ltr'>deberi</span> <span class='ocrx_word' id='word_1_50' title='bbox 912 1049 1075 1133; x_wconf 86' lang='lat' dir='ltr'>probatur.</span> <span class='ocrx_word' id='word_1_51' title='bbox 1122 1047 1227 1113; x_wconf 89' lang='lat' dir='ltr'>Unum</span> <span class='ocrx_word' id='word_1_52' title='bbox 1247 1067 1328 1129; x_wconf 85' lang='lat' dir='ltr'>qua-</span> 
     </span>
     <span class='ocr_line' id='line_1_8' title="bbox 192 1149 1327 1235; baseline -0.004 -17"><span class='ocrx_word' id='word_1_53' title='bbox 192 1153 366 1218; x_wconf 89' lang='lat' dir='ltr'>ternionem</span> <span class='ocrx_word' id='word_1_54' title='bbox 390 1153 505 1218; x_wconf 79' lang='lat' dir='ltr'>deesse</span> <span class='ocrx_word' id='word_1_55' title='bbox 532 1173 605 1217; x_wconf 89' lang='lat' dir='ltr'>cum</span> <span class='ocrx_word' id='word_1_56' title='bbox 635 1172 675 1218; x_wconf 86' lang='lat' dir='ltr'>ex</span> <span class='ocrx_word' id='word_1_57' title='bbox 698 1151 837 1218; x_wconf 90' lang='lat' dir='ltr'>numeris</span> <span class='ocrx_word' id='word_1_58' title='bbox 860 1151 1103 1235; x_wconf 83' lang='lat' dir='ltr'>quaternionum</span> <span class='ocrx_word' id='word_1_59' title='bbox 1134 1150 1262 1221; x_wconf 65' lang='lat' dir='ltr'>notans,</span> <span class='ocrx_word' id='word_1_60' title='bbox 1294 1149 1327 1214; x_wconf 90' lang='lat' dir='ltr'>ni</span> 
     </span>
     <span class='ocr_line' id='line_1_9' title="bbox 193 1253 1328 1338; baseline -0.002 -20"><span class='ocrx_word' id='word_1_61' title='bbox 193 1254 297 1335; x_wconf 79' lang='lat' dir='ltr'>tollor,</span> <span class='ocrx_word' id='word_1_62' title='bbox 331 1255 408 1320; x_wconf 91' lang='lat' dir='ltr'>olim</span> <span class='ocrx_word' id='word_1_63' title='bbox 431 1255 591 1338; x_wconf 78' lang='lat' dir='ltr'>cognitum</span> <span class='ocrx_word' id='word_1_64' title='bbox 615 1259 714 1334; x_wconf 86' lang='lat' dir='ltr'>esset,</span> <span class='ocrx_word' id='word_1_65' title='bbox 741 1254 805 1319; x_wconf 87' lang='lat' dir='ltr'>iam</span> <span class='ocrx_word' id='word_1_66' title='bbox 828 1254 860 1318; x_wconf 90' lang='lat' dir='ltr'>iu</span> <span class='ocrx_word' id='word_1_67' title='bbox 884 1253 1056 1320; x_wconf 86' lang='lat' dir='ltr'>vetustiore</span> <span class='ocrx_word' id='word_1_68' title='bbox 1078 1253 1186 1319; x_wconf 91' lang='lat' dir='ltr'>codice</span> <span class='ocrx_word' id='word_1_69' title='bbox 1209 1253 1328 1318; x_wconf 89' lang='lat' dir='ltr'>iustum</span> 
     </span>
     <span class='ocr_line' id='line_1_10' title="bbox 192 1355 1323 1442; baseline -0.004 -19"><span class='ocrx_word' id='word_1_70' title='bbox 192 1357 330 1442; x_wconf 87' lang='lat' dir='ltr'>spatium</span> <span class='ocrx_word' id='word_1_71' title='bbox 345 1357 375 1422; x_wconf 90' lang='lat' dir='ltr'>ei</span> <span class='ocrx_word' id='word_1_72' title='bbox 390 1357 586 1423; x_wconf 88' lang='lat' dir='ltr'>destinatum</span> <span class='ocrx_word' id='word_1_73' title='bbox 601 1363 662 1423; x_wconf 89' lang='lat' dir='ltr'>est.</span> <span class='ocrx_word' id='word_1_74' title='bbox 698 1357 820 1422; x_wconf 88' lang='lat' dir='ltr'>Similis</span> <span class='ocrx_word' id='word_1_75' title='bbox 835 1356 1036 1421; x_wconf 79' lang='lat' dir='ltr'>ratiocinatio</span> <span class='ocrx_word' id='word_1_76' title='bbox 1051 1355 1091 1422; x_wconf 87' lang='lat' dir='ltr'>de</span> <span class='ocrx_word' id='word_1_77' title='bbox 1106 1357 1208 1421; x_wconf 85' lang='lat' dir='ltr'>altero</span> <span class='ocrx_word' id='word_1_78' title='bbox 1223 1355 1323 1436; x_wconf 87' lang='lat' dir='ltr'>hiatu,</span> 
     </span>
     <span class='ocr_line' id='line_1_11' title="bbox 193 1458 1324 1542; baseline -0.004 -17"><span class='ocrx_word' id='word_1_79' title='bbox 193 1480 255 1542; x_wconf 91' lang='lat' dir='ltr'>quc</span> <span class='ocrx_word' id='word_1_80' title='bbox 278 1460 359 1526; x_wconf 85' lang='lat' dir='ltr'>liber</span> <span class='ocrx_word' id='word_1_81' title='bbox 380 1460 421 1526; x_wconf 86' lang='lat' dir='ltr'>de</span> <span class='ocrx_word' id='word_1_82' title='bbox 444 1461 670 1526; x_wconf 88' lang='lat' dir='ltr'>Demosthenis</span> <span class='ocrx_word' id='word_1_83' title='bbox 691 1460 829 1525; x_wconf 90' lang='lat' dir='ltr'>dictione</span> <span class='ocrx_word' id='word_1_84' title='bbox 856 1458 992 1542; x_wconf 86' lang='lat' dir='ltr'>insignis</span> <span class='ocrx_word' id='word_1_85' title='bbox 1015 1465 1081 1539; x_wconf 86' lang='lat' dir='ltr'>est,</span> <span class='ocrx_word' id='word_1_86' title='bbox 1114 1459 1186 1524; x_wconf 92' lang='lat' dir='ltr'>iniri</span> <span class='ocrx_word' id='word_1_87' title='bbox 1209 1464 1324 1542; x_wconf 88' lang='lat' dir='ltr'>potest.</span> 
     </span>
     <span class='ocr_line' id='line_1_12' title="bbox 193 1561 1328 1647; baseline -0.001 -22"><span class='ocrx_word' id='word_1_88' title='bbox 193 1563 359 1628; x_wconf 90' lang='lat' dir='ltr'>Perierunt</span> <span class='ocrx_word' id='word_1_89' title='bbox 388 1563 592 1629; x_wconf 80' lang='lat' dir='ltr'>Ambrosiani</span> <span class='ocrx_word' id='word_1_90' title='bbox 626 1582 738 1628; x_wconf 88' lang='lat' dir='ltr'>versus</span> <span class='ocrx_word' id='word_1_91' title='bbox 770 1567 848 1644; x_wconf 79' lang='lat' dir='ltr'>utu,</span> <span class='ocrx_word' id='word_1_92' title='bbox 884 1563 1024 1647; x_wconf 83' lang='lat' dir='ltr'>paginae</span> <span class='ocrx_word' id='word_1_93' title='bbox 1053 1561 1328 1626; x_wconf 81' lang='lat' dir='ltr'>Tauchnitzianae</span> 
     </span>
     <span class='ocr_line' id='line_1_13' title="bbox 193 1655 1320 1746; baseline -0.001 -17"><span class='ocrx_word' id='word_1_94' title='bbox 193 1665 260 1730; x_wconf 83' lang='lat' dir='ltr'>iere</span> <span class='ocrx_word' id='word_1_95' title='bbox 278 1669 308 1746; x_wconf 86' lang='grc'>9,</span> <span class='ocrx_word' id='word_1_96' title='bbox 335 1665 413 1730; x_wconf 81' lang='lat' dir='ltr'>tolie</span> <span class='ocrx_word' id='word_1_97' title='bbox 435 1665 616 1732; x_wconf 86' lang='lat' dir='ltr'>vetustioris</span> <span class='ocrx_word' id='word_1_98' title='bbox 639 1664 758 1736; x_wconf 83' lang='lat' dir='ltr'>codicis</span> <span class='ocrx_word' id='word_1_99' title='bbox 780 1665 842 1730; x_wconf 85' lang='lat' dir='ltr'>tria</span> <span class='ocrx_word' id='word_1_100' title='bbox 864 1672 896 1732; x_wconf 86' lang='lat' dir='ltr'>et</span> <span class='ocrx_word' id='word_1_101' title='bbox 917 1664 1085 1730; x_wconf 88' lang='lat' dir='ltr'>dimidium</span> <span class='ocrx_word' id='word_1_102' title='bbox 1108 1664 1186 1730; x_wconf 86' lang='lat' dir='ltr'>iere.</span> <span class='ocrx_word' id='word_1_103' title='bbox 1317 1655 1320 1662; x_wconf 81' lang='grc'><strong>’</strong></span> 
     </span>
    </p>

    <p class='ocr_par' dir='ltr' id='par_1_3' title="bbox 191 1761 1336 3806">
     <span class='ocr_line' id='line_1_14' title="bbox 279 1761 1329 1854; baseline -0.003 -22"><span class='ocrx_word' id='word_1_104' title='bbox 279 1771 310 1832; x_wconf 83' lang='lat' dir='ltr'>u.</span> <span class='ocrx_word' id='word_1_105' title='bbox 335 1767 461 1833; x_wconf 79' lang='lat' dir='ltr'>Titulus</span> <span class='ocrx_word' id='word_1_106' title='bbox 484 1771 670 1833; x_wconf 74' lang='grc' dir='ltr'><strong><em>Διονυσίου</em></strong></span> <span class='ocrx_word' id='word_1_107' title='bbox 693 1761 945 1852; x_wconf 83' lang='grc' dir='ltr'><strong><em>άλικαρνασέως</em></strong></span> <span class='ocrx_word' id='word_1_108' title='bbox 968 1768 1048 1853; x_wconf 87' lang='grc' dir='ltr'><strong><em>περί</em></strong></span> <span class='ocrx_word' id='word_1_109' title='bbox 1076 1773 1134 1854; x_wconf 77' lang='grc' dir='ltr'><strong><em>τῆς</em></strong></span> <span class='ocrx_word' id='word_1_110' title='bbox 1157 1766 1329 1853; x_wconf 74' lang='grc' dir='ltr'><strong><em>δημοσθέ-</em></strong></span> 
     </span>
     <span class='ocr_line' id='line_1_15' title="bbox 191 1864 1328 1957; baseline -0.001 -22"><span class='ocrx_word' id='word_1_111' title='bbox 191 1893 271 1945; x_wconf 88' lang='grc' dir='ltr'><strong><em>νους</em></strong></span> <span class='ocrx_word' id='word_1_112' title='bbox 294 1870 424 1949; x_wconf 87' lang='grc' dir='ltr'><strong><em>λέξεως.</em></strong></span> <span class='ocrx_word' id='word_1_113' title='bbox 465 1872 572 1937; x_wconf 86' lang='lat' dir='ltr'>Verba</span> <span class='ocrx_word' id='word_1_114' title='bbox 594 1875 779 1937; x_wconf 73' lang='grc' dir='ltr'><em>Διονυσίου</em></span> <span class='ocrx_word' id='word_1_115' title='bbox 802 1864 1054 1957; x_wconf 83' lang='grc' dir='ltr'><strong><em>ἁλικαρνασέως</em></strong></span> <span class='ocrx_word' id='word_1_116' title='bbox 1076 1870 1138 1936; x_wconf 90' lang='lat' dir='ltr'>etsi</span> <span class='ocrx_word' id='word_1_117' title='bbox 1157 1870 1190 1934; x_wconf 93' lang='lat' dir='ltr'>in</span> <span class='ocrx_word' id='word_1_118' title='bbox 1206 1889 1328 1935; x_wconf 88' lang='lat' dir='ltr'>summo</span> 
     </span>
     <span class='ocr_line' id='line_1_16' title="bbox 192 1972 1329 2056; baseline 0 -18"><span class='ocrx_word' id='word_1_119' title='bbox 192 1973 270 2038; x_wconf 83' lang='lat' dir='ltr'>folio</span> <span class='ocrx_word' id='word_1_120' title='bbox 294 1977 353 2036; x_wconf 61' lang='lat'>98‘</span> <span class='ocrx_word' id='word_1_121' title='bbox 374 1994 437 2039; x_wconf 91' lang='lat' dir='ltr'>non</span> <span class='ocrx_word' id='word_1_122' title='bbox 453 1975 613 2056; x_wconf 88' lang='lat' dir='ltr'>leguntur,</span> <span class='ocrx_word' id='word_1_123' title='bbox 638 1982 726 2040; x_wconf 90' lang='lat' dir='ltr'>certo</span> <span class='ocrx_word' id='word_1_124' title='bbox 742 1981 848 2038; x_wconf 60' lang='lat' dir='ltr'>umen</span> <span class='ocrx_word' id='word_1_125' title='bbox 863 1993 903 2039; x_wconf 82' lang='lat' dir='ltr'>ex</span> <span class='ocrx_word' id='word_1_126' title='bbox 920 1973 995 2039; x_wconf 84' lang='lat' dir='ltr'>folio</span> <span class='ocrx_word' id='word_1_127' title='bbox 1010 1977 1065 2036; x_wconf 68' lang='lat'>97*</span> <span class='ocrx_word' id='word_1_128' title='bbox 1083 1973 1144 2038; x_wconf 90' lang='lat' dir='ltr'>huc</span> <span class='ocrx_word' id='word_1_129' title='bbox 1159 1972 1329 2039; x_wconf 82' lang='lat' dir='ltr'>referenda</span> 
     </span>
     <span class='ocr_line' id='line_1_17' title="bbox 193 2075 1330 2168; baseline -0.002 -26"><span class='ocrx_word' id='word_1_130' title='bbox 193 2084 277 2160; x_wconf 88' lang='lat' dir='ltr'>sunt,</span> <span class='ocrx_word' id='word_1_131' title='bbox 303 2098 375 2142; x_wconf 90' lang='lat' dir='ltr'>cum</span> <span class='ocrx_word' id='word_1_132' title='bbox 398 2077 588 2162; x_wconf 86' lang='lat' dir='ltr'>praesertim</span> <span class='ocrx_word' id='word_1_133' title='bbox 617 2079 649 2142; x_wconf 91' lang='lat' dir='ltr'>in</span> <span class='ocrx_word' id='word_1_134' title='bbox 678 2097 801 2143; x_wconf 90' lang='lat' dir='ltr'>summo</span> <span class='ocrx_word' id='word_1_135' title='bbox 830 2075 907 2142; x_wconf 90' lang='lat' dir='ltr'>iolio</span> <span class='ocrx_word' id='word_1_136' title='bbox 935 2081 990 2142; x_wconf 69' lang='grc' dir='ltr'>97Ι</span> <span class='ocrx_word' id='word_1_137' title='bbox 1016 2075 1241 2168; x_wconf 19' lang='grc' dir='ltr'><strong><em>άῑοίοεὶίδοιο</em></strong></span> <span class='ocrx_word' id='word_1_138' title='bbox 1271 2097 1330 2142; x_wconf 83' lang='lat' dir='ltr'>ex-</span> 
     </span>
     <span class='ocr_line' id='line_1_18' title="bbox 193 2173 1330 2264; baseline -0.001 -21"><span class='ocrx_word' id='word_1_139' title='bbox 193 2178 340 2244; x_wconf 85' lang='lat' dir='ltr'>hibeatur</span> <span class='ocrx_word' id='word_1_140' title='bbox 373 2183 558 2246; x_wconf 75' lang='grc' dir='ltr'><em>Διονυσίου</em></span> <span class='ocrx_word' id='word_1_141' title='bbox 595 2173 847 2264; x_wconf 75' lang='grc' dir='ltr'><strong><em>άλικαρυασέως</em></strong></span> <span class='ocrx_word' id='word_1_142' title='bbox 884 2178 964 2262; x_wconf 88' lang='grc' dir='ltr'><strong><em>περί</em></strong></span> <span class='ocrx_word' id='word_1_143' title='bbox 999 2185 1058 2263; x_wconf 80' lang='grc' dir='ltr'><strong><em>τῆς</em></strong></span> <span class='ocrx_word' id='word_1_144' title='bbox 1095 2177 1330 2264; x_wconf 74' lang='grc' dir='ltr'><strong><em>δημοσθένους</em></strong></span> 
     </span>
     <span class='ocr_line' id='line_1_19' title="bbox 193 2269 1329 2367; baseline 0 -21"><span class='ocrx_word' id='word_1_145' title='bbox 193 2283 330 2364; x_wconf 84' lang='grc' dir='ltr'><strong><em>λέξειας,</em></strong></span> <span class='ocrx_word' id='word_1_146' title='bbox 372 2283 415 2348; x_wconf 82' lang='lat' dir='ltr'>cf.</span> <span class='ocrx_word' id='word_1_147' title='bbox 448 2304 481 2367; x_wconf 85' lang='lat' dir='ltr'>p.</span> <span class='ocrx_word' id='word_1_148' title='bbox 510 2285 619 2346; x_wconf 73' lang='grc'>112817</span> <span class='ocrx_word' id='word_1_149' title='bbox 651 2288 757 2347; x_wconf 83' lang='grc' dir='ltr'><strong><em>ταῦτα</em></strong></span> <span class='ocrx_word' id='word_1_150' title='bbox 786 2269 988 2365; x_wconf 80' lang='grc' dir='ltr'><strong><em>ὦκράτιστε</em></strong></span> <span class='ocrx_word' id='word_1_151' title='bbox 1013 2273 1153 2362; x_wconf 81' lang='grc' dir='ltr'><em>Ἀμμαῖε</em></span> <span class='ocrx_word' id='word_1_152' title='bbox 1183 2279 1329 2366; x_wconf 82' lang='grc' dir='ltr'><strong><em>γράφειν</em></strong></span> 
     </span>
     <span class='ocr_line' id='line_1_20' title="bbox 194 2383 1328 2472; baseline -0.002 -22"><span class='ocrx_word' id='word_1_153' title='bbox 194 2385 330 2468; x_wconf 76' lang='grc' dir='ltr'><strong><em>εἴχομέν</em></strong></span> <span class='ocrx_word' id='word_1_154' title='bbox 352 2407 406 2450; x_wconf 91' lang='grc' dir='ltr'>σοι</span> <span class='ocrx_word' id='word_1_155' title='bbox 430 2386 622 2472; x_wconf 78' lang='grc' dir='ltr'><strong><em>περὶτῆς</em></strong></span> <span class='ocrx_word' id='word_1_156' title='bbox 645 2388 962 2471; x_wconf 74' lang='grc' dir='ltr'><strong><em>Δημοσθένους</em></strong></span> <span class='ocrx_word' id='word_1_157' title='bbox 985 2383 1150 2462; x_wconf 87' lang='grc' dir='ltr'><strong><em>λέξεως.</em></strong></span> <span class='ocrx_word' id='word_1_158' title='bbox 1200 2384 1328 2448; x_wconf 82' lang='lat' dir='ltr'>Titulus</span> 
     </span>
     <span class='ocr_line' id='line_1_21' title="bbox 193 2481 1329 2572; baseline -0.004 -19"><span class='ocrx_word' id='word_1_159' title='bbox 193 2489 300 2572; x_wconf 83' lang='lat' dir='ltr'>igitur,</span> <span class='ocrx_word' id='word_1_160' title='bbox 341 2489 394 2571; x_wconf 91' lang='lat' dir='ltr'>qui</span> <span class='ocrx_word' id='word_1_161' title='bbox 430 2490 524 2571; x_wconf 80' lang='lat' dir='ltr'>volgo</span> <span class='ocrx_word' id='word_1_162' title='bbox 557 2487 784 2567; x_wconf 80' lang='lat' dir='ltr'>circumfertur,</span> <span class='ocrx_word' id='word_1_163' title='bbox 822 2490 1008 2550; x_wconf 77' lang='grc' dir='ltr'><strong><em>Διονυσίου</em></strong></span> <span class='ocrx_word' id='word_1_164' title='bbox 1041 2481 1329 2570; x_wconf 73' lang='grc' dir='ltr'><strong><em>Ἁλικαρνασσέως</em></strong></span> 
     </span>
     <span class='ocr_line' id='line_1_22' title="bbox 194 2585 1327 2677; baseline 0 -23"><span class='ocrx_word' id='word_1_165' title='bbox 194 2593 274 2677; x_wconf 82' lang='grc' dir='ltr'><strong><em>περὶ</em></strong></span> <span class='ocrx_word' id='word_1_166' title='bbox 312 2598 368 2677; x_wconf 81' lang='grc' dir='ltr'><strong><em>της</em></strong></span> <span class='ocrx_word' id='word_1_167' title='bbox 406 2592 556 2676; x_wconf 76' lang='grc' dir='ltr'><strong><em>λεκτικῆς</em></strong></span> <span class='ocrx_word' id='word_1_168' title='bbox 593 2594 840 2676; x_wconf 76' lang='grc' dir='ltr'><strong><em>Δημοσθένους</em></strong></span> <span class='ocrx_word' id='word_1_169' title='bbox 877 2585 1068 2674; x_wconf 87' lang='grc' dir='ltr'><strong><em>δεινότητος</em></strong></span> <span class='ocrx_word' id='word_1_170' title='bbox 1106 2587 1327 2654; x_wconf 81' lang='lat' dir='ltr'>auctoritatem</span> 
     </span>
     <span class='ocr_line' id='line_1_23' title="bbox 193 2691 1336 2760; baseline -0.002 -2"><span class='ocrx_word' id='word_1_171' title='bbox 193 2695 292 2760; x_wconf 82' lang='lat' dir='ltr'>habet</span> <span class='ocrx_word' id='word_1_172' title='bbox 326 2695 455 2760; x_wconf 87' lang='lat' dir='ltr'>nullam.</span> <span class='ocrx_word' id='word_1_173' title='bbox 504 2694 626 2759; x_wconf 88' lang='lat' dir='ltr'>Ductus</span> <span class='ocrx_word' id='word_1_174' title='bbox 656 2693 781 2759; x_wconf 89' lang='lat' dir='ltr'>videtur</span> <span class='ocrx_word' id='word_1_175' title='bbox 809 2713 882 2759; x_wconf 87' lang='lat' dir='ltr'>esse</span> <span class='ocrx_word' id='word_1_176' title='bbox 912 2712 953 2757; x_wconf 82' lang='lat' dir='ltr'>ex</span> <span class='ocrx_word' id='word_1_177' title='bbox 983 2692 1102 2757; x_wconf 89' lang='lat' dir='ltr'>ultimis</span> <span class='ocrx_word' id='word_1_178' title='bbox 1132 2691 1227 2756; x_wconf 88' lang='lat' dir='ltr'>huius</span> <span class='ocrx_word' id='word_1_179' title='bbox 1256 2691 1336 2756; x_wconf 84' lang='lat' dir='ltr'>libri.</span> 
     </span>
     <span class='ocr_line' id='line_1_24' title="bbox 194 2789 1330 2882; baseline -0.003 -22"><span class='ocrx_word' id='word_1_180' title='bbox 194 2797 300 2862; x_wconf 82' lang='lat' dir='ltr'>verbis</span> <span class='ocrx_word' id='word_1_181' title='bbox 317 2794 377 2862; x_wconf 75' lang='grc' dir='ltr'>ἐὰν</span> <span class='ocrx_word' id='word_1_182' title='bbox 392 2796 428 2861; x_wconf 78' lang='grc' dir='ltr'><strong><em>δέ·</em></strong></span> <span class='ocrx_word' id='word_1_183' title='bbox 445 2793 533 2880; x_wconf 83' lang='grc' dir='ltr'><strong><em>σώζῃ</em></strong></span> <span class='ocrx_word' id='word_1_184' title='bbox 549 2793 586 2860; x_wconf 84' lang='grc' dir='ltr'><strong><em>τὸ</em></strong></span> <span class='ocrx_word' id='word_1_185' title='bbox 603 2793 780 2878; x_wconf 84' lang='grc' dir='ltr'><strong><em>δαιμόνιον</em></strong></span> <span class='ocrx_word' id='word_1_186' title='bbox 795 2789 892 2882; x_wconf 78' lang='grc' dir='ltr'><strong><em>ἡμᾶς,</em></strong></span> <span class='ocrx_word' id='word_1_187' title='bbox 912 2796 969 2859; x_wconf 88' lang='grc' dir='ltr'>καί</span> <span class='ocrx_word' id='word_1_188' title='bbox 984 2796 1084 2880; x_wconf 87' lang='grc' dir='ltr'><strong><em>περί</em></strong></span> <span class='ocrx_word' id='word_1_189' title='bbox 1099 2801 1171 2881; x_wconf 81' lang='grc' dir='ltr'><strong><em>τῆς</em></strong></span> <span class='ocrx_word' id='word_1_190' title='bbox 1194 2818 1330 2880; x_wconf 82' lang='grc' dir='ltr'><strong><em>πραγ-</em></strong></span> 
     </span>
     <span class='ocr_line' id='line_1_25' title="bbox 193 2893 1331 2986; baseline -0.002 -22"><span class='ocrx_word' id='word_1_191' title='bbox 193 2907 375 2986; x_wconf 77' lang='grc' dir='ltr'><strong><em>ματικῆς</em></strong></span> <span class='ocrx_word' id='word_1_192' title='bbox 399 2893 527 2964; x_wconf 81' lang='grc' dir='ltr'><strong><em>αὐτοῦ</em></strong></span> <span class='ocrx_word' id='word_1_193' title='bbox 552 2895 796 2984; x_wconf 87' lang='grc' dir='ltr'><strong><em>δεινότητος</em></strong></span> <span class='ocrx_word' id='word_1_194' title='bbox 823 2949 886 2962; x_wconf 93' lang='grc'>...</span> <span class='ocrx_word' id='word_1_195' title='bbox 913 2897 949 2964; x_wconf 84' lang='grc' dir='ltr'><strong><em>έν</em></strong></span> <span class='ocrx_word' id='word_1_196' title='bbox 964 2911 1035 2974; x_wconf 88' lang='grc' dir='ltr'><strong><em>τοῖς</em></strong></span> <span class='ocrx_word' id='word_1_197' title='bbox 1058 2895 1133 2985; x_wconf 77' lang='grc' dir='ltr'><strong><em>ἑξῆς</em></strong></span> <span class='ocrx_word' id='word_1_198' title='bbox 1154 2920 1331 2985; x_wconf 81' lang='grc' dir='ltr'><strong><em>γραφησο-</em></strong></span> 
     </span>
     <span class='ocr_line' id='line_1_26' title="bbox 193 2997 1330 3085; baseline 0.001 -19"><span class='ocrx_word' id='word_1_199' title='bbox 193 3006 309 3084; x_wconf 80' lang='grc' dir='ltr'><strong><em>μένοις</em></strong></span> <span class='ocrx_word' id='word_1_200' title='bbox 339 2997 563 3083; x_wconf 84' lang='grc' dir='ltr'><strong><em>άποδώσομέν</em></strong></span> <span class='ocrx_word' id='word_1_201' title='bbox 593 3023 648 3066; x_wconf 91' lang='grc' dir='ltr'>σοι</span> <span class='ocrx_word' id='word_1_202' title='bbox 676 2998 737 3067; x_wconf 85' lang='grc' dir='ltr'><strong><em>τὸν</em></strong></span> <span class='ocrx_word' id='word_1_203' title='bbox 765 2998 877 3084; x_wconf 83' lang='grc' dir='ltr'><strong><em>λόγον.</em></strong></span> <span class='ocrx_word' id='word_1_204' title='bbox 925 3001 1021 3066; x_wconf 86' lang='lat' dir='ltr'>Liber</span> <span class='ocrx_word' id='word_1_205' title='bbox 1049 3001 1160 3085; x_wconf 86' lang='lat' dir='ltr'>incipit</span> <span class='ocrx_word' id='word_1_206' title='bbox 1188 3003 1242 3067; x_wconf 85' lang='lat' dir='ltr'>tol.</span> <span class='ocrx_word' id='word_1_207' title='bbox 1270 3005 1330 3067; x_wconf 71' lang='lat'>98‘</span> 
     </span>
     <span class='ocr_line' id='line_1_27' title="bbox 193 3098 1330 3192; baseline -0.002 -21"><span class='ocrx_word' id='word_1_208' title='bbox 193 3125 278 3171; x_wconf 85' lang='lat' dir='ltr'>vers.</span> <span class='ocrx_word' id='word_1_209' title='bbox 307 3109 319 3168; x_wconf 92' lang='grc'>1</span> <span class='ocrx_word' id='word_1_210' title='bbox 354 3101 524 3192; x_wconf 87' lang='grc' dir='ltr'><strong><em>&lt;πόλε&gt;ων</em></strong></span> <span class='ocrx_word' id='word_1_211' title='bbox 552 3105 610 3168; x_wconf 85' lang='grc' dir='ltr'>καλ</span> <span class='ocrx_word' id='word_1_212' title='bbox 639 3101 681 3167; x_wconf 88' lang='grc' dir='ltr'><strong><em>τὰ</em></strong></span> <span class='ocrx_word' id='word_1_213' title='bbox 711 3098 981 3190; x_wconf 81' lang='grc' dir='ltr'><strong><em>ἀφυστερίζοντά</em></strong></span> <span class='ocrx_word' id='word_1_214' title='bbox 1015 3126 1084 3168; x_wconf 88' lang='grc' dir='ltr'>που</span> <span class='ocrx_word' id='word_1_215' title='bbox 1113 3102 1235 3169; x_wconf 83' lang='grc' dir='ltr'><strong><em>πύστει</em></strong></span> <span class='ocrx_word' id='word_1_216' title='bbox 1264 3111 1330 3169; x_wconf 84' lang='grc' dir='ltr'><strong><em>τῶν</em></strong></span> 
     </span>
     <span class='ocr_line' id='line_1_28' title="bbox 195 3207 1330 3293; baseline 0.001 -23"><span class='ocrx_word' id='word_1_217' title='bbox 195 3213 470 3293; x_wconf 74' lang='grc' dir='ltr'><strong><em>προγενομένων,</em></strong></span> <span class='ocrx_word' id='word_1_218' title='bbox 510 3207 641 3293; x_wconf 82' lang='lat' dir='ltr'>explicit</span> <span class='ocrx_word' id='word_1_219' title='bbox 673 3208 729 3272; x_wconf 79' lang='lat' dir='ltr'>iol.</span> <span class='ocrx_word' id='word_1_220' title='bbox 758 3210 834 3274; x_wconf 69' lang='lat'>138*</span> <span class='ocrx_word' id='word_1_221' title='bbox 863 3225 947 3272; x_wconf 83' lang='lat' dir='ltr'>vers.</span> <span class='ocrx_word' id='word_1_222' title='bbox 980 3209 1020 3270; x_wconf 77' lang='lat'>24</span> <span class='ocrx_word' id='word_1_223' title='bbox 1057 3212 1330 3292; x_wconf 78' lang='grc' dir='ltr'><strong><em>γραφησομένοις</em></strong></span> 
     </span>
     <span class='ocr_line' id='line_1_29' title="bbox 195 3307 1330 3394; baseline 0 -19"><span class='ocrx_word' id='word_1_224' title='bbox 195 3307 419 3393; x_wconf 83' lang='grc' dir='ltr'><strong><em>ἀποδώσομέν</em></strong></span> <span class='ocrx_word' id='word_1_225' title='bbox 440 3332 495 3375; x_wconf 91' lang='grc' dir='ltr'>σοι</span> <span class='ocrx_word' id='word_1_226' title='bbox 517 3307 577 3376; x_wconf 84' lang='grc' dir='ltr'><strong><em>τὸν</em></strong></span> <span class='ocrx_word' id='word_1_227' title='bbox 598 3307 737 3394; x_wconf 80' lang='grc' dir='ltr'><strong><em>λόγον;·</em></strong></span> <span class='ocrx_word' id='word_1_228' title='bbox 773 3313 813 3394; x_wconf 86' lang='lat' dir='ltr'>(p.</span> <span class='ocrx_word' id='word_1_229' title='bbox 834 3311 1093 3390; x_wconf 63' lang='grc'>9531-11195).</span> <span class='ocrx_word' id='word_1_230' title='bbox 1141 3309 1330 3393; x_wconf 71' lang='lat' dir='ltr'>subscripta</span> 
     </span>
     <span class='ocr_line' id='line_1_30' title="bbox 194 3407 1330 3498; baseline -0.003 -18"><span class='ocrx_word' id='word_1_231' title='bbox 194 3421 270 3480; x_wconf 86' lang='lat' dir='ltr'>suut</span> <span class='ocrx_word' id='word_1_232' title='bbox 291 3415 389 3480; x_wconf 85' lang='lat' dir='ltr'>haec:</span> <span class='ocrx_word' id='word_1_233' title='bbox 429 3418 614 3480; x_wconf 74' lang='grc' dir='ltr'><strong><em>Διονυσίου</em></strong></span> <span class='ocrx_word' id='word_1_234' title='bbox 636 3407 887 3497; x_wconf 85' lang='grc' dir='ltr'><strong><em>ἆλικαρνασέως</em></strong></span> <span class='ocrx_word' id='word_1_235' title='bbox 913 3413 994 3498; x_wconf 89' lang='grc' dir='ltr'><strong><em>περί</em></strong></span> <span class='ocrx_word' id='word_1_236' title='bbox 1015 3419 1074 3498; x_wconf 82' lang='grc' dir='ltr'><strong><em>της</em></strong></span> <span class='ocrx_word' id='word_1_237' title='bbox 1097 3411 1330 3498; x_wconf 74' lang='grc' dir='ltr'><strong><em>δημοσθένους</em></strong></span> 
     </span>
     <span class='ocr_line' id='line_1_31' title="bbox 195 3515 1331 3601; baseline -0.002 -21"><span class='ocrx_word' id='word_1_238' title='bbox 195 3518 316 3596; x_wconf 86' lang='grc' dir='ltr'><strong><em>λέξεως</em></strong></span> <span class='ocrx_word' id='word_1_239' title='bbox 338 3518 445 3593; x_wconf 84' lang='grc' dir='ltr'><strong><em>τέλος.</em></strong></span> <span class='ocrx_word' id='word_1_240' title='bbox 493 3517 592 3582; x_wconf 79' lang='lat' dir='ltr'>Foliis</span> <span class='ocrx_word' id='word_1_241' title='bbox 621 3517 715 3582; x_wconf 85' lang='lat' dir='ltr'>rectis</span> <span class='ocrx_word' id='word_1_242' title='bbox 736 3519 939 3596; x_wconf 61' lang='lat' dir='ltr'>(tuf—138¹)</span> <span class='ocrx_word' id='word_1_243' title='bbox 967 3515 1154 3599; x_wconf 90' lang='lat' dir='ltr'>inscriptum</span> <span class='ocrx_word' id='word_1_244' title='bbox 1178 3523 1229 3580; x_wconf 88' lang='lat' dir='ltr'>est</span> <span class='ocrx_word' id='word_1_245' title='bbox 1251 3516 1331 3601; x_wconf 86' lang='grc' dir='ltr'><strong><em>περί</em></strong></span> 
     </span>
     <span class='ocr_line' id='line_1_32' title="bbox 194 3617 1330 3707; baseline 0 -23"><span class='ocrx_word' id='word_1_246' title='bbox 194 3627 252 3707; x_wconf 79' lang='grc' dir='ltr'><strong><em>της</em></strong></span> <span class='ocrx_word' id='word_1_247' title='bbox 275 3619 509 3706; x_wconf 73' lang='grc' dir='ltr'><strong><em>δημοσθένους</em></strong></span> <span class='ocrx_word' id='word_1_248' title='bbox 532 3620 663 3700; x_wconf 85' lang='grc' dir='ltr'><strong><em>λέξεως,</em></strong></span> <span class='ocrx_word' id='word_1_249' title='bbox 690 3619 775 3684; x_wconf 85' lang='lat' dir='ltr'>loliis</span> <span class='ocrx_word' id='word_1_250' title='bbox 793 3618 895 3684; x_wconf 88' lang='lat' dir='ltr'>versis</span> <span class='ocrx_word' id='word_1_251' title='bbox 917 3618 993 3684; x_wconf 88' lang='lat' dir='ltr'>inde</span> <span class='ocrx_word' id='word_1_252' title='bbox 1016 3639 1036 3682; x_wconf 87' lang='lat' dir='ltr'>a</span> <span class='ocrx_word' id='word_1_253' title='bbox 1056 3617 1132 3683; x_wconf 85' lang='lat' dir='ltr'>solio</span> <span class='ocrx_word' id='word_1_254' title='bbox 1148 3622 1203 3682; x_wconf 79' lang='lat'>97·</span> <span class='ocrx_word' id='word_1_255' title='bbox 1228 3638 1330 3701; x_wconf 91' lang='lat' dir='ltr'>usque</span> 
     </span>
     <span class='ocr_line' id='line_1_33' title="bbox 195 3714 1330 3806; baseline -0.004 -18"><span class='ocrx_word' id='word_1_256' title='bbox 195 3723 237 3790; x_wconf 87' lang='lat' dir='ltr'>ad</span> <span class='ocrx_word' id='word_1_257' title='bbox 264 3727 338 3788; x_wconf 70' lang='lat'>137*</span> <span class='ocrx_word' id='word_1_258' title='bbox 362 3722 504 3806; x_wconf 84' lang='lat' dir='ltr'>exceptis</span> <span class='ocrx_word' id='word_1_259' title='bbox 528 3721 613 3787; x_wconf 82' lang='lat' dir='ltr'>toliis</span> <span class='ocrx_word' id='word_1_260' title='bbox 633 3725 706 3786; x_wconf 73' lang='grc' dir='ltr'>122ν</span> <span class='ocrx_word' id='word_1_261' title='bbox 729 3728 761 3786; x_wconf 87' lang='lat' dir='ltr'>ct</span> <span class='ocrx_word' id='word_1_262' title='bbox 786 3724 859 3784; x_wconf 76' lang='lat' dir='ltr'>¹38v</span> <span class='ocrx_word' id='word_1_263' title='bbox 884 3720 1056 3786; x_wconf 90' lang='grc' dir='ltr'><strong><em>διονυσίου</em></strong></span> <span class='ocrx_word' id='word_1_264' title='bbox 1079 3714 1330 3806; x_wconf 84' lang='grc' dir='ltr'><strong><em>ἁλικαρνασέως</em></strong></span> 
     </span>
    </p>

    <p class='ocr_par' dir='ltr' id='par_1_4' title="bbox 195 3821 1331 4321">
     <span class='ocr_line' id='line_1_34' title="bbox 283 3821 1331 3906; baseline -0.004 -16"><span class='ocrx_word' id='word_1_265' title='bbox 283 3829 313 3890; x_wconf 87' lang='grc'>7.</span> <span class='ocrx_word' id='word_1_266' title='bbox 339 3826 464 3890; x_wconf 83' lang='lat' dir='ltr'>Titulus</span> <span class='ocrx_word' id='word_1_267' title='bbox 480 3822 661 3900; x_wconf 83' lang='grc' dir='ltr'><strong><em>Διονύσιος</em></strong></span> <span class='ocrx_word' id='word_1_268' title='bbox 676 3821 828 3905; x_wconf 68' lang='grc' dir='ltr'><strong><em>Ἀμμαίω</em></strong></span> <span class='ocrx_word' id='word_1_269' title='bbox 852 3829 899 3886; x_wconf 85' lang='grc' dir='ltr'><strong><em>τῶ</em></strong></span> <span class='ocrx_word' id='word_1_270' title='bbox 921 3821 1072 3906; x_wconf 82' lang='grc' dir='ltr'><strong><em>φιλτάτω</em></strong></span> <span class='ocrx_word' id='word_1_271' title='bbox 1096 3823 1239 3886; x_wconf 87' lang='grc' dir='ltr'><strong><em>πλεῖστα</em></strong></span> <span class='ocrx_word' id='word_1_272' title='bbox 1255 3827 1331 3904; x_wconf 88' lang='grc' dir='ltr'><strong><em>χαί-</em></strong></span> 
     </span>
     <span class='ocr_line' id='line_1_35' title="bbox 196 3919 1331 4015; baseline -0.004 -21"><span class='ocrx_word' id='word_1_273' title='bbox 196 3953 267 4015; x_wconf 88' lang='grc' dir='ltr'><strong><em>ρειν</em></strong></span> <span class='ocrx_word' id='word_1_274' title='bbox 311 3927 427 4013; x_wconf 87' lang='lat' dir='ltr'>Incipit</span> <span class='ocrx_word' id='word_1_275' title='bbox 457 3927 512 3991; x_wconf 81' lang='lat' dir='ltr'>sol.</span> <span class='ocrx_word' id='word_1_276' title='bbox 542 3931 619 3991; x_wconf 69' lang='grc' dir='ltr'>139ῐ</span> <span class='ocrx_word' id='word_1_277' title='bbox 648 3945 732 3991; x_wconf 84' lang='lat' dir='ltr'>vers.</span> <span class='ocrx_word' id='word_1_278' title='bbox 762 3932 774 3988; x_wconf 95' lang='lat' dir='ltr'>l</span> <span class='ocrx_word' id='word_1_279' title='bbox 807 3926 952 3990; x_wconf 80' lang='grc' dir='ltr'><strong><em>Πολλῶν</em></strong></span> <span class='ocrx_word' id='word_1_280' title='bbox 981 3919 1050 4008; x_wconf 77' lang='grc' dir='ltr'><strong><em>μετ’</em></strong></span> <span class='ocrx_word' id='word_1_281' title='bbox 1084 3920 1196 3991; x_wconf 88' lang='grc' dir='ltr'><strong><em>άλλων</em></strong></span> <span class='ocrx_word' id='word_1_282' title='bbox 1224 3926 1331 4004; x_wconf 85' lang='grc' dir='ltr'><strong><em>ξένων</em></strong></span> 
     </span>
     <span class='ocr_line' id='line_1_36' title="bbox 195 4027 1326 4114; baseline -0.002 -18"><span class='ocrx_word' id='word_1_283' title='bbox 195 4033 230 4096; x_wconf 78' lang='grc' dir='ltr'>τέ·</span> <span class='ocrx_word' id='word_1_284' title='bbox 253 4032 310 4095; x_wconf 86' lang='grc' dir='ltr'>καί</span> <span class='ocrx_word' id='word_1_285' title='bbox 333 4027 549 4114; x_wconf 79' lang='grc' dir='ltr'><strong><em>παραδόξων,</em></strong></span> <span class='ocrx_word' id='word_1_286' title='bbox 576 4029 706 4113; x_wconf 83' lang='lat' dir='ltr'>explicit</span> <span class='ocrx_word' id='word_1_287' title='bbox 725 4030 780 4094; x_wconf 84' lang='lat' dir='ltr'>fol.</span> <span class='ocrx_word' id='word_1_288' title='bbox 804 4032 881 4093; x_wconf 70' lang='lat'>146¹</span> <span class='ocrx_word' id='word_1_289' title='bbox 904 4049 987 4094; x_wconf 81' lang='lat' dir='ltr'>vers.</span> <span class='ocrx_word' id='word_1_290' title='bbox 1010 4033 1048 4092; x_wconf 92' lang='grc'>19</span> <span class='ocrx_word' id='word_1_291' title='bbox 1077 4031 1170 4111; x_wconf 83' lang='lat' dir='ltr'>(vers.</span> <span class='ocrx_word' id='word_1_292' title='bbox 1191 4031 1326 4112; x_wconf 73' lang='lat' dir='ltr'>tlt—19)</span> 
     </span>
     <span class='ocr_line' id='line_1_37' title="bbox 196 4129 1330 4218; baseline 0 -20"><span class='ocrx_word' id='word_1_293' title='bbox 196 4133 317 4211; x_wconf 78' lang='grc' dir='ltr'><strong><em>ίκανιῖις</em></strong></span> <span class='ocrx_word' id='word_1_294' title='bbox 340 4129 448 4198; x_wconf 78' lang='grc' dir='ltr'><strong><em>άττοδε</em></strong></span> <span class='ocrx_word' id='word_1_295' title='bbox 466 4137 469 4218; x_wconf 68' lang='lat' dir='ltr'>i</span> <span class='ocrx_word' id='word_1_296' title='bbox 487 4131 626 4213; x_wconf 76' lang='grc' dir='ltr'><strong><em>δεῑχδαι</em></strong></span> <span class='ocrx_word' id='word_1_297' title='bbox 643 4137 646 4216; x_wconf 70' lang='lat' dir='ltr'>l</span> <span class='ocrx_word' id='word_1_298' title='bbox 663 4137 742 4215; x_wconf 88' lang='grc' dir='ltr'><strong><em>νομί</em></strong></span> <span class='ocrx_word' id='word_1_299' title='bbox 758 4133 762 4218; x_wconf 78' lang='grc' dir='ltr'>Ι</span> <span class='ocrx_word' id='word_1_300' title='bbox 781 4130 827 4211; x_wconf 88' lang='grc' dir='ltr'>ζω</span> <span class='ocrx_word' id='word_1_301' title='bbox 840 4157 866 4195; x_wconf 92' lang='lat'>:·</span> <span class='ocrx_word' id='word_1_302' title='bbox 890 4136 930 4217; x_wconf 73' lang='lat' dir='ltr'>lp.</span> <span class='ocrx_word' id='word_1_303' title='bbox 951 4134 1192 4216; x_wconf 74' lang='lat'>7191-74921).</span> <span class='ocrx_word' id='word_1_304' title='bbox 1247 4133 1330 4200; x_wconf 86' lang='lat' dir='ltr'>Sub-</span> 
     </span>
     <span class='ocr_line' id='line_1_38' title="bbox 195 4228 1331 4321; baseline -0.004 -19"><span class='ocrx_word' id='word_1_305' title='bbox 195 4238 345 4304; x_wconf 88' lang='lat' dir='ltr'>scribitur</span> <span class='ocrx_word' id='word_1_306' title='bbox 374 4239 558 4300; x_wconf 86' lang='grc' dir='ltr'><strong><em>Διονυσίου</em></strong></span> <span class='ocrx_word' id='word_1_307' title='bbox 592 4228 729 4318; x_wconf 82' lang='grc' dir='ltr'><strong><em>ἀμμαίω</em></strong></span> <span class='ocrx_word' id='word_1_308' title='bbox 757 4240 805 4320; x_wconf 84' lang='grc' dir='ltr'>(αι</span> <span class='ocrx_word' id='word_1_309' title='bbox 833 4255 927 4316; x_wconf 75' lang='lat' dir='ltr'>corn,</span> <span class='ocrx_word' id='word_1_310' title='bbox 960 4234 1020 4302; x_wconf 84' lang='lat' dir='ltr'>fuit</span> <span class='ocrx_word' id='word_1_311' title='bbox 1048 4237 1070 4320; x_wconf 88' lang='grc' dir='ltr'>ι)</span> <span class='ocrx_word' id='word_1_312' title='bbox 1101 4241 1147 4300; x_wconf 84' lang='grc' dir='ltr'><strong><em>τῶ</em></strong></span> <span class='ocrx_word' id='word_1_313' title='bbox 1177 4233 1331 4321; x_wconf 83' lang='grc' dir='ltr'><strong><em>φιλτάτω</em></strong></span> 
     </span>
    </p>
   </div>
   <div class='ocr_carea' id='block_1_3' title="bbox 0 0 1660 4922">
    <p class='ocr_par' dir='ltr' id='par_1_5' title="bbox 0 0 1660 4922">
     <span class='ocr_line' id='line_1_39' title="bbox 0 0 1660 4922; baseline 0 0"><span class='ocrx_word' id='word_1_314' title='bbox 0 0 1660 4922; x_wconf 95' lang='lat' dir='ltr'> </span> 
     </span>
    </p>
   </div>
  </div>
 </body>
</html>
