3274 4938
623 381 666 392 -
713 343 786 428 [or]
833 381 874 390 -
1303 340 1320 405 r

181 537 303 620 copiam
326 557 479 614 versuum,
502 538 556 619 qui
575 559 675 621 paene
693 537 772 604 nihil
790 537 905 604 mutati
923 543 1117 621 repetuntur,
1140 543 1225 604 totus
1244 539 1322 604 mihi

181 641 267 708 locus
290 643 364 708 inde
387 663 516 708 eversu
539 644 705 712 millesimo
729 644 794 712 fere
817 667 856 712 ex
877 645 979 712 altera
997 644 1180 710 collectione
1197 653 1323 736 assutus

182 749 325 815 videtur!
353 747 505 817 Similiter
522 750 560 818 H.
579 751 627 816 W.
646 773 715 818 van
735 753 801 824 der
818 752 945 838 Meyus
964 753 997 818 in
1015 754 1125 838 quinto
1140 751 1321 818 Studiorum

182 855 454 940 Theognideorum
472 857 575 942 capite
593 857 754 944 (Lugduni
772 859 964 926 Batavorum
980 859 1080 946 1869)
1098 861 1322 943 quaestionem,

183 985 245 1046 quo
267 969 359 1047 pacto
383 964 629 1032 chrestomathia
651 971 773 1044 nostra,
800 989 895 1051 qnam
916 967 1004 1043 dicit,
1026 973 1098 1034 orta
1119 967 1174 1044 sit,
1201 968 1322 1034 solven-

183 1071 256 1136 dam
279 1091 347 1136 asse
370 1073 561 1155 suspicatum
585 1093 658 1138 nam
681 1072 736 1150 ,is'‚
759 1075 874 1157 inquit,
897 1075 961 1157 ,qui
984 1074 1041 1140 has
1063 1076 1170 1158 copias
1193 1075 1323 1158 redegit,

183 1227 190 1242 .
209 1227 215 1242 .
236 1229 242 1243 .
262 1199 279 1244 e
298 1177 401 1244 tribus
419 1179 531 1246 saltem
550 1179 806 1247 chrestomathiis
825 1187 974 1264 excerpta
991 1182 1148 1264 congessit
1166 1186 1198 1246 et
1209 1201 1323 1246 novam

182 1285 256 1353 inde
278 1285 556 1354 chrestomathiam
578 1287 795 1354 concinnavit?
841 1288 942 1367 Quom
965 1289 1006 1354 ad
1029 1288 1231 1354 muniendam
1254 1289 1322 1372 opi-

182 1394 306 1460 nionem
333 1392 417 1460 locos
443 1395 595 1478 quosdam
619 1395 771 1479 repetitos
794 1395 926 1479 exempli
951 1417 1047 1462 causa
1070 1396 1232 1479 proponit,
1259 1395 1322 1468 sod,

181 1507 218 1566 ut
245 1502 313 1586 ipss
338 1502 398 1579 ait,
425 1523 464 1568 ne
491 1504 723 1586 argumentatio
746 1504 832 1568 ultra
854 1504 1049 1587 propositum
1072 1503 1180 1581 ducat,
1207 1503 1240 1568 in
1264 1501 1322 1568 bac

180 1627 217 1674 ro
238 1610 416 1694 acquiescit

247 1713 360 1798 Itaque
383 1715 467 1801 quod
489 1739 510 1782 a
531 1717 607 1782 viris
630 1717 730 1784 doctis
753 1717 889 1783 strictim
911 1723 944 1784 et
966 1717 1128 1798 occasione
1151 1718 1228 1784 data
1249 1738 1321 1800 pro-

180 1821 319 1905 positum
346 1830 518 1906 estusque
540 1824 642 1892 causis
665 1823 937 1904 substructum,
965 1847 1004 1892 ex
1025 1824 1238 1909 compluribus
1261 1823 1322 1908 syl-

181 1927 261 2013 logis
289 1930 480 2015 Theognidis
512 1953 592 2016 qnae
624 1931 770 1997 feruntur
797 1921 979 2016 ⁴fragmenta
1010 1929 1146 2000 conflata
1177 1951 1256 2008 esse,
1288 1931 1322 1996 id

181 2037 287 2121 paullo
319 2038 419 2104 frisius
446 2059 528 2106 nunc
554 2045 650 2123 atque
676 2037 818 2123 apertius
845 2045 1018 2105 retractare
1044 2044 1139 2122 atque
1166 2057 1224 2122 pro
1248 2037 1322 2104 viri-

182 2141 241 2208 bus
268 2145 384 2210 nostris
410 2147 452 2212 ad
480 2153 600 2212 certum
627 2147 783 2241 quendam
810 2143 904 2212 finem
932 2145 1102 2229 perducere
1130 2142 1321 2210 conabimur.

727 2523 799 2646 Π(
873 2531 874 2534 ‘

270 2805 374 2888 Atque
401 2805 536 2889 primum
564 2804 690 2890 quidem
712 2805 753 2870 de
780 2803 986 2890 codicibus,²)
1009 2803 1123 2889 quibus
1145 2803 1323 2889 fragmenta

182 2910 384 2995 Theognidea
407 2918 531 2979 servata
553 2919 640 2989 sunt,
666 2911 774 2996 paucis
802 2911 928 2978 videtur
955 2931 1023 2978 esse
1050 2912 1322 2996 praemonendum.

270 3019 409 3099 Quorum
436 3021 573 3087 omnium
600 3019 888 3105 praestantissimus
915 3025 965 3086 est
986 3019 1174 3085 Mutinensis
1196 3020 1228 3084 Α
1255 3038 1323 3083 sae-

181 3125 253 3192 culo
275 3127 305 3192 X
331 3135 388 3194 aut
410 3127 456 3193 XI
484 3133 639 3195 exaratus.
685 3126 873 3194 Inscribitur
900 3147 1026 3192 carmen
1053 3121 1230 3210 θεόγνιόος
1253 3123 1323 3189 ἐλε-

180 3235 281 3319 γείων
300 3230 334 3299 α’
353 3235 556 3318 continetque
574 3255 681 3300 versus
699 3255 719 3300 a
736 3235 839 3318 primo
857 3255 956 3318 usque
974 3233 1017 3298 ad
1030 3253 1057 3297 v.
1074 3231 1160 3298 1220
1173 3230 1324 3315 Bergkia

180 3361 240 3406 nae
272 3341 421 3407 editionis
453 3341 553 3428 (Post.
585 3342 642 3426 lyr.
674 3341 722 3409 ed.
739 3340 824 3426 .ΙΙΙ),
858 3341 997 3425 exceptis
1029 3340 1151 3406 duobus
1183 3337 1324 3404 versibus

181 3445 291 3534 (1157.
310 3447 420 3535 1158),
439 3449 492 3533 qui
511 3449 543 3512 in
562 3449 675 3515 ceteris
689 3469 813 3532 quoque
828 3447 1020 3532 Theognidis
1039 3445 1199 3513 codicibus
1217 3444 1323 3511 omissi

180 3558 213 3619 et
225 3574 246 3619 a
258 3553 404 3621 Turnebo
416 3557 553 3640 primum
567 3577 605 3622 ex
620 3554 758 3622 Stobaeo
768 3555 837 3640 (qui
846 3553 918 3620 XCI
929 3554 970 3620 26
986 3575 1095 3619 vernus
1107 3552 1324 3618 llos-1160

179 3667 265 3727 recte
274 3663 453 3751 exscripsit)
463 3663 575 3730 inserti
588 3668 669 3728 sunt.
698 3662 826 3728 Absunt
834 3663 910 3728 item
920 3683 940 3726 a
949 3659 1122 3727 Mutinensi
1136 3666 1169 3726 et
1183 3659 1324 3725 austeris

180 3768 339 3836 codicibus
367 3791 474 3836 versus
500 3769 733 3848 lam-1230,
766 3789 804 3835 ex
832 3767 945 3855 quibus
968 3789 1076 3835 versus
1106 3765 1323 3832 1221-1228

305 3899 378 3906 ..υ-

270 3965 290 4032 ¹)
308 3965 350 4022 De
372 3965 537 4021 auctoritate
560 3965 692 4021 librorum
715 3964 964 4036 manuscriptorum
988 3962 1117 4034 exposuit
1137 3959 1272 4032 Bergkius
1295 3959 1323 4016 iu

180 4053 408 4110 commentatione
431 4055 466 4110 de
490 4054 554 4110 crisi
573 4054 765 4124 Theognidea‚
791 4071 861 4124 quae
885 4053 988 4124 legitur
1011 4053 1039 4108 in
1058 4053 1129 4108 Mus.
1148 4051 1236 4108 Rhen.
1255 4050 1322 4105 Nor.

157 4201 161 4211 ¹
180 4141 221 4195 111
236 4159 261 4212 p.
272 4143 324 4199 206
338 4159 398 4214 sqq.
414 4151 442 4199 et
455 4161 482 4214 p.
492 4146 545 4201 396
559 4160 617 4214 sqq.
645 4145 726 4200 Hunc
741 4144 829 4199 secuti
846 4141 1095 4200 suntNietzschius
1110 4140 1138 4195 in
1154 4139 1226 4195 Mus.
1236 4139 1324 4195 Rhen.

179 4230 247 4285 Nor.
268 4233 348 4288 XXII
367 4250 393 4302 p.
413 4235 464 4289 162
482 4250 550 4303 sqq„
571 4232 617 4303 qui
636 4250 663 4302 p.
684 4235 735 4291 162
755 4239 872 4289 stemma
891 4233 1029 4303 quoddam
1048 4227 1199 4303 proposuit.
1220 4245 1255 4284 0¹
1273 4243 1326 4298 (1¹¹⁰

180 4319 303 4376 codicum
319 4321 441 4377 familiae
461 4329 489 4378 et
502 4339 606 4393 genera
620 4322 704 4378 facile
724 4331 963 4392 cognoscerentur,
984 4327 1013 4376 et
1027 4321 1172 4391 Zieglerus
1192 4320 1220 4374 in
1240 4317 1326 4386 praef.

180 4407 308 4466 editionis
327 4409 469 4479 Tubingus
488 4428 513 4467 a.
529 4412 598 4466 1868
617 4419 733 4469 curatae
750 4429 776 4482 p.
792 4413 817 4470 V
832 4429 904 4482 sqq.;
925 4412 974 4468 cfr.
989 4409 1094 4468 ibidem
1113 4427 1139 4479 p.
1158 4409 1208 4463 vu
1224 4407 1287 4462 adn.
1301 4408 1326 4460 4.
