3304 4928
618 452 671 475 -ι
705 427 799 512 [aee]
852 467 891 475 -

263 625 313 688 Ad
337 645 364 688 V.
392 627 402 688 i
432 623 453 688 S
552 623 555 679 ί
737 623 776 688 V:
1133 625 1175 686 9:

163 719 206 796 a.
230 732 269 813 gl.
293 723 509 810 Ἰατταταιιίξ·
553 686 557 816 ί
955 622 958 821 λ

184 827 433 920 σχετλιαστικὸν
488 829 528 902 τὸ
584 831 835 921 σχετλιαστικὸν
890 829 929 902 τὸ
955 824 958 975 η
985 827 1234 919 σχετλιαστικόν
1257 839 1326 899 κτλ.

185 943 369 1030 έπίρρημα.
388 967 528 1028 παρεπι-
583 940 677 1030 (λῆμα.
790 967 929 1030 παρεπι-
956 978 958 989 ·
1112 943 1199 1007 utV

182 1043 292 1137 γραφὴ
326 1050 360 1116 di
398 1046 528 1134 λέγεται
582 1042 692 1138 γραφὴ
726 1051 759 1116 di
788 1047 927 1136 λέγεται.
955 1012 958 1103 ί
1201 1044 1329 1132 λέγεται

183 1182 228 1222 τα
253 1165 428 1224 τοιαῦτα.
954 1185 956 1242 γ
983 1148 1226 1221 τὰτοιαῦτα.

184 1283 233 1346 Ad
251 1305 278 1347 v.
298 1284 319 1347 2
338 1281 452 1348 Suidas
476 1305 499 1348 s.
517 1284 558 1366 gl.
578 1279 762 1369 Νεώνητον
785 1290 924 1347 ceterum
948 1282 1106 1347 consentit
1129 1303 1199 1346 eum
1224 1281 1329 1358 V⁰6⁰,

183 1395 316 1455 exeunte
353 1399 459 1455 tamen
498 1391 617 1456 sohoiio
649 1386 867 1474 πεφύκαμεν
899 1381 961 1474 γὰρ
993 1390 1051 1454 καὶ
1081 1395 1153 1453 τών
1186 1386 1329 1454 οίκετών

182 1501 310 1582 μᾶλλον
337 1493 508 1563 πιστεύειν
535 1511 606 1576 τοῖς
629 1497 718 1564 οίκοι
739 1503 931 1584 γεννηθεῐσι
954 1498 1011 1561 καὶ
1035 1488 1286 1579 συντραφεῑσιν
1309 1486 1329 1580 ἢ

184 1598 242 1681 οίς
266 1597 308 1668 ἂν
332 1601 605 1692 ἐπικτησώμεθα
632 1601 811 1690 πριάμενοι
839 1607 956 1670 rectius
980 1603 1065 1688 apud
1088 1603 1218 1669 Suidam
1242 1603 1329 1666 etin

184 1711 290 1776 oodioe
316 1714 344 1775 Θ
370 1711 530 1795 leguntur,
559 1734 652 1796 quam
680 1733 759 1798 quae
787 1712 885 1777 codex
915 1710 1078 1776 Vtradit:
1105 1705 1237 1791 πέφυκε
1260 1701 1329 1791 μὲν

182 1809 245 1903 γὰρ
276 1820 405 1901 μᾶλλον
437 1816 608 1884 πιστεύειν
641 1833 711 1896 τοῖς
740 1818 828 1885 οίκοι
854 1825 1044 1906 γεννηθείσι
1071 1819 1128 1884 καὶ
1155 1826 1329 1902 τραφεῖσιν

183 1919 204 2008 ἢ
228 1913 294 2002 οὓς
318 1917 359 1990 ἂν
382 1921 586 2013 κτησώμεθα
608 1922 795 2011 πριάμενοι.

274 2049 416 2135 Denique
439 2052 480 2117 ad
503 2075 530 2118 v.
558 2051 633 2116 132:

292 2173 358 2242 Ss.
383 2177 422 2259 gl.
739 2175 779 2241 V:
1134 2175 1175 2237 Θε

211 2279 497 2370 Προβατοπώλης·

183 2380 202 2454 ὁ
237 2391 382 2468 Καλλίας
418 2392 474 2454 καὶ
510 2382 530 2475 ἡ
556 2423 558 2481 γ
585 2380 646 2455 τὸν
670 2389 820 2454 Καλλίαν
844 2388 931 2472 λέγει
984 2380 1046 2468 τὸν
1070 2387 1219 2452 Καλλίαν
1242 2384 1330 2471 λέγει

182 2489 237 2561 ἐπ’
257 2487 362 2560 αὐτοῦ
376 2498 530 2561 πολιτεία
556 2492 558 2602 γ
584 2498 639 2560 καὶ
668 2487 730 2581 τὴν
756 2496 931 2560 πολιτείαν
1062 2498 1134 2562 κτλ.
1159 2499 1195 2557 ut
1218 2492 1255 2568 V,

180 2595 201 2690 ἢ
230 2605 396 2687 Λυσικλῆς
586 2595 699 2667 αὐτοῦ.
707 2593 931 2681 1)τιν“εςιί“έ,ὅτι

586 2707 752 2773 Λυσικλέα
775 2707 871 2794 λέγει,
895 2699 931 2785 ὃς

585 2811 852 2902 προβατοπώλης
864 2813 930 2880 έλέ-
956 2754 959 2879 λ
1261 2811 1330 2877 έλέ-

186 2913 533 3001 υίόςἈσπασίαςζεὶο
557 2910 560 3031 J
586 2946 698 3026 γετο.Ι
956 2908 959 3024 l
985 2945 1061 3007 γετο
1094 2911 1123 3006 ᾧ
1156 2917 1330 3009 ἐγαμήθη

186 3031 209 3096 C
237 3034 270 3094 et
293 3029 445 3107 editores,
473 3028 532 3094 υίὲ
558 3034 560 3063 ¹
991 3022 1182 3095 Ἀσπασία.

185 3131 224 3202 Ἀ
232 3153 282 3202 σπ
290 3138 353 3201 ασί
359 3160 379 3200 α
393 3137 530 3224 AVBE).

274 3261 382 3327 Codex
404 3263 431 3326 θ
449 3261 548 3346 igitur
561 3262 647 3326 haud
666 3263 874 3346 spernendam
893 3263 1075 3347 suppeditat
1093 3261 1331 3326 adnotationem

187 3358 214 3453 qi
239 3363 389 3455 ἐγαμήθη
413 3361 580 3448 Ἀσπασία,
604 3390 697 3452 quam
723 3369 928 3453 comprobant
951 3369 1145 3453 Hesychiusz‘
1164 3372 1330 3454 προβατο-

77 3500 92 3531 ι
186 3471 313 3562 πώλης·
348 3466 438 3540 οὕτω
466 3476 678 3560 κωμῳδεῖται
706 3478 871 3563 Λυσικλῆς
898 3472 1201 3562 προβατοκάπηλος
1227 3471 1331 3561 γήμας

192 3576 368 3646 Ἀσπασίαν
387 3574 448 3669 τὴν
467 3579 599 3668 πόρνην
619 3593 651 3647 et
669 3582 857 3648 Plutarchus
876 3584 986 3649 Periel.
1007 3605 1072 3666 oap.
1093 3584 1151 3646 24:
1175 3581 1330 3670 Αἰσχίνης

188 3688 225 3754 δέ
248 3706 329 3774 φησι
351 3690 408 3754 καὶ
428 3689 592 3754 Λυσικλέα
615 3681 677 3754 τὸν
700 3687 1007 3778 προβατοκάπηλον
1032 3689 1067 3770 ig
1090 3681 1252 3772 ἀγεννοῦς
1274 3691 1330 3756 καὶ

188 3802 348 3859 ταπεινοῦ
376 3787 437 3882 τὴν
463 3787 567 3878 ’φύσιν
600 3790 788 3883 Ἀθηναίων
815 3797 974 3882 γενέσθαι
1000 3804 1140 3882 πρῶτον
1176 3788 1330 3886 Ἀσπασίᾳ

191 3897 335 3968 συνόντα
367 3895 450 3987 μετὰ
481 3896 543 3989 τὴν
572 3902 774 3987 Περικλέους
805 3900 972 3991 τελευτήν.
1020 3903 1134 3969 Suidas
1166 3909 1272 3968 autem
1303 3906 1330 3970 si

190 4010 307 4074 diceret
325 4001 591 4089 υίόςἈσπασίας,
611 4011 693 4094 quod
709 4012 846 4077 editores
861 4017 1002 4106 statuere
1016 4033 1079 4076 non
1094 4009 1331 4090 dubitauerunt,

191 4116 338 4180 hariolan'
357 4117 527 4183 uideretur.
561 4117 604 4181 nt
622 4117 682 4182 hoe
700 4117 874 4184 editoribus
893 4119 1074 4204 opprobria,
1092 4139 1155 4183 non
1176 4118 1234 4202 ipsi
1252 4118 1330 4182 lexi-

191 4223 359 4306 cographo;
386 4247 459 4289 nam
488 4225 550 4290 etsi
577 4223 785 4302 Phauorinus,
813 4247 905 4309 quom
933 4248 972 4291 ex
999 4227 1106 4291 codiee
1135 4224 1159 4290 C
1185 4225 1237 4290 uel
1265 4225 1331 4291 eius

279 4401 297 4461 1ἰ
316 4395 543 4472 προβατοπώλης
567 4395 618 4454 τὸν
643 4401 820 4454 Καλλίαν-
847 4397 933 4458 αὐτοῦ
957 4402 985 4458 iu
1008 4404 1045 4458 R8
1069 4419 1178 4473 quoque
1203 4403 1332 4471 leguntur

193 4494 261 4541 teste
278 4489 309 4542 R.
329 4489 473 4545 Schueilio.
