3258 4928
349 391 410 452 ser
551 395 553 400 ’
782 423 826 434 -
873 387 957 470 [us]
1004 423 1048 434 -

433 597 465 660 p.
488 579 626 642 103712ss
647 574 696 642 ite
717 573 950 642 Ambrosianus
972 574 1118 642 exhibet:

643 691 792 766 πράττεται
809 693 937 768 μὲνγὰρ
955 693 990 747 τὰ
1008 691 1161 768 πράγματα
1179 691 1263 764 ἐργό-

347 786 420 846 ζττοι
438 781 468 838 δὲ
487 780 521 836 τὰ
539 781 608 856 ἔργα
627 779 800 854 ἀποφάσεως
825 786 840 834 3
859 783 916 838 litt.
937 779 1063 844 ἀξιοῦται
1081 779 1115 834 τὰ
1134 779 1242 847 ἄληστα

346 867 422 922 τουτὶ
439 868 494 938 μὲν
512 866 546 934 δὴ
564 864 642 937 παχὺ
660 865 766 940 εἴρηται
783 865 834 920 τὸν
859 871 873 920 7
892 869 948 924 litt.
969 870 1018 921 τοῦ
1036 864 1123 920 τούτου
1143 863 1298 938 λεγόμενον

346 951 498 1025 ἐνθύμημα
512 951 733 1027 ἀσθενέστερον.
756 950 803 1006 διὰ
822 956 901 1007 2-3
915 955 970 1010 litt.
990 957 1101 1027 μακροῦ
1119 954 1147 1008 τὲ
1159 951 1215 1026 γὰρ
1233 953 1281 1007 καὶ
1294 949 1484 1020 ἀκατάλληλον

317 1040 393 1094 ὁκαὶ
412 1035 475 1094 οὔτε
494 1035 638 1105 δεινότητα
657 1037 724 1109 ἔχον
742 1036 807 1093 οὔτε
831 1043 845 1092 7
865 1041 921 1096 litt.
947 1043 994 1107 τῆς
1013 1037 1040 1093 δ’
1056 1037 1198 1109 σῦγενείας
1217 1042 1328 1112 πρῶτον

347 1121 449 1198 ὑπῆρξε
484 1125 578 1179 τοῖσδε
596 1121 613 1192 ἢ
638 1127 743 1178 10-12
761 1127 817 1182 litt.
843 1125 955 1194 γένεσις
973 1122 1023 1179 οὐκ
1041 1123 1144 1191 ἔπηλυς
1161 1116 1244 1178 οὖσα.

433 1249 516 1295 vers.
536 1233 555 1292 2
578 1229 710 1296 Lacuna
724 1229 872 1314 expletur
886 1250 927 1297 en
945 1231 1078 1314 volgata
1094 1223 1304 1318 ἀποφάσεως
1320 1223 1353 1296 δ’
1373 1223 1485 1310 ἀξιοῦ-

348 1355 418 1397 ταιε
446 1325 620 1412 ἀξιοῦνται
635 1335 672 1415 R,
699 1333 740 1400 ct'.
766 1355 843 1419 pag.
862 1337 904 1398 99
927 1334 970 1400 ad
991 1355 1024 1419 p.
1045 1337 1182 1400 locros.
1233 1331 1285 1398 Τὰ
1307 1333 1408 1399 λεκτὰ
1430 1353 1485 1420 pro

348 1433 390 1501 τὰ
405 1430 540 1524 ἅληπτα
563 1437 765 1504 scribendum
781 1457 853 1504 esse
870 1437 1062 1523 Sylburgius
1084 1438 1253 1521 intellexit,
1280 1439 1321 1504 ol·
1340 1459 1372 1524 p.
1391 1441 1483 1504 10:³9³

349 1533 623 1626 ἀποφαινόμεθα
645 1539 708 1623 μὲν
729 1533 826 1628 ἡμεῖς
848 1537 890 1605 τὰ
912 1539 1023 1606 λεκτά.

433 1665 556 1727 verus
586 1661 694 1728 Verba
715 1669 864 1746 corrupta
892 1671 978 1728 sunt.
1025 1663 1095 1748 Ego
1125 1661 1253 1746 quidem
1278 1661 1482 1748 Sylburgiunr

348 1784 463 1848 sequor
492 1763 529 1828 τὸ
554 1758 585 1830 δ’
605 1761 663 1830 ἐπὶ
685 1762 793 1850 τούτῳ
816 1763 999 1852 λεγόμενον
1028 1767 1232 1834 scribentem.
1280 1766 1331 1834 cf.
1356 1788 1389 1852 p.
1409 1769 1482 1833 886:

349 1865 386 1933 τὸ
410 1861 443 1933 δ’
463 1867 521 1934 ἐπὶ
542 1867 650 1954 τούτῳ
674 1865 866 1954 λεγόμενον.

434 1994 558 2054 versl
588 1990 676 2056 Inter
705 1987 760 2054 διὰ
791 1997 823 2056 et
849 1997 982 2076 μακροῦ
1014 1991 1092 2074 quid
1124 1990 1314 2058 intercidere
1348 1991 1483 2076 potuerit

348 2111 466 2158 nescro.

434 2215 518 2262 vers.
539 2201 558 2259 5
581 2197 650 2262 Vox
673 2194 842 2280 σύνταξιν,
869 2218 952 2281 quae
974 2198 1070 2282 volgo
1092 2205 1164 2282 post
1186 2199 1322 2264 alterum
1339 2194 1415 2264 οὔτε
1437 2198 1484 2264 le-

348 2299 451 2383 gitur,
485 2300 597 2383 iuepta
626 2301 735 2366 nescio
765 2301 856 2367 cuius
879 2301 1063 2367 coniectura
1084 2309 1144 2368 est.
1190 2303 1341 2368 Fortasse
1363 2301 1486 2386 Diony-

350 2403 417 2470 sius
441 2402 567 2487 scripsit
590 2397 666 2469 οότε
690 2401 865 2492 δεινότητα
886 2403 965 2486 ἐ’χον
988 2399 1064 2470 σότε
1087 2403 1286 2492 <κάλλσς>;
1317 2406 1377 2471 hoc
1399 2405 1483 2472 cuim

350 2508 402 2573 vel
425 2507 530 2572 simile
552 2508 684 2573 verbum
702 2508 837 2594 periisse
853 2510 951 2575 verbs
973 2508 1116 2574 iudicent
1137 2531 1169 2594 p.
1184 2513 1293 2574 103811
1318 2513 1368 2585 vlo
1391 2502 1425 2574 δ’
1444 2503 1485 2573 ἂν

351 2603 502 2689 ἀξιώσειε
525 2617 591 2676 τῶν
613 2599 657 2676 τό
679 2610 968 2696 διαλέγεσθαι
991 2610 1257 2692 σπουδαζόντων
1271 2611 1391 2678 εἰπεῖν.
1433 2611 1483 2684 Os.

349 2737 381 2800 p.
401 2718 532 2779 933tsss.

435 2837 519 2883 vers.
539 2819 558 2881 6
588 2811 606 2905 ἡ
630 2815 712 2906 (τῶν
735 2816 931 2908 προγόνων)
954 2824 1083 2904 γένεσις
1112 2819 1320 2906 suppeditant
1342 2821 1486 2888 Platonis

351 2921 424 2986 uon
451 2921 586 3000 (Meter.
612 2943 645 3006 p.
664 2920 768 3006 ουν).

435 3061 468 3126 p.
496 3043 621 3107 tccsoss
655 3045 765 3106 Ποῖον
797 3039 901 3118 ἔθνος
932 3035 1129 3127 ἀνθρώπιον
1156 3047 1296 3128 καθαρᾷ
1323 3043 1487 3128 διαλέκτῳ

350 3141 523 3228 χρώμενον
545 3142 613 3226 ἐρεῖ
635 3148 766 3228 γένεσιν
788 3141 849 3232 τὴν
870 3145 933 3228 μὲν
949 3139 1156 3228 αὐτόχθονα,
1184 3144 1244 3232 τὴν
1267 3141 1296 3211 δ’
1316 3145 1482 3234 ἐπήλυδας

352 3243 430 3334 ἡμῖν
452 3243 515 3332 γὰρ
539 3244 578 3333 δὴ
602 3271 634 3312 τι
657 3246 868 3334 συμβεβηκός
891 3246 963 3314 ἐστι
985 3247 1021 3314 τό
1050 3243 1139 3315 εἶναι
1168 3243 1378 3331 αὐτοχθόσιν
1402 3243 1419 3336 ἢ
1441 3247 1484 3336 μό,

366 3349 613 3435 supensus),
648 3345 724 3432 σόχλ
746 3358 784 3437 τῇ
807 3355 946 3436 γενέσει.
994 3351 1072 3418 (lum
1105 3349 1316 3438 συμβεβηκός
1339 3349 1410 3417 ἐστι
1432 3354 1487 3417 vix

350 3454 440 3521 aliud
467 3454 625 3538 significet
650 3473 746 3536 quum
777 3459 981 3543 συμβέβηκε,
1016 3476 1056 3522 ex
1079 3454 1226 3539 Dionysii
1256 3455 1487 3522 consuetudine

350 3557 489 3624 rescribo
512 3550 592 3644 ἡμῖν
613 3554 677 3642 γὰρ
701 3555 746 3644 δή
770 3582 851 3624 που
874 3555 1085 3645 συμβεβηκός
1108 3556 1180 3624 ἐστι
1202 3559 1273 3623 κτλ.
1320 3558 1370 3624 Cf.
1395 3577 1424 3624 e.
1452 3580 1485 3642 g.

351 3684 383 3747 p.
409 3665 504 3728 11073
528 3655 638 3727 ἅπασι
661 3660 681 3725 δ
690 3658 708 3749 ἡ
732 3684 814 3728 που
837 3666 1025 3748 συμβέβηκε
1048 3658 1196 3747 μέγεθός
1219 3686 1253 3726 τε
1277 3663 1334 3726 καὶ
1356 3669 1485 3748 χρῶμα.

351 3771 406 3832 371
436 3762 606 3850 πρότερον
638 3761 702 3850 γὰρ
730 3763 769 3852 δή
800 3789 879 3831 που.
928 3786 1043 3832 verse
1073 3773 1209 3849 πρῶτον
1238 3764 1301 3850 γὰρ
1333 3763 1371 3851 δή
1404 3789 1485 3831 που.

351 3873 442 3936 20813
476 3875 563 3934 πᾶσι
596 3864 659 3953 γὰρ
693 3865 732 3956 δή
767 3891 836 3934 που
870 3881 940 3947 τοῖς
971 3866 1166 3956 φιλολόγοις
1200 3867 1360 3954 γνώριμα.
1409 3875 1486 3934 5001

351 3967 501 4048 ἅπαντες
528 3968 590 4056 γὰρ
621 3969 660 4058 δή
690 3995 759 4038 που
788 3973 1081 4058 παραγγέλλουσιν
1103 3970 1135 4036 or‘
1159 3969 1403 4054 συνταξάμενοι
1429 3971 1487 4050 τὰς

350 4081 479 4158 τέχνας.
529 4079 618 4141 13513
643 4069 730 4141 olivo
754 4073 793 4162 δὴ
818 4099 898 4142 που.

354 4215 557 4226 *-

422 4301 436 4362 1)
460 4297 621 4368 ἐπιχωρίοις
639 4298 694 4354 dol.
710 4300 830 4356 Vlictius
848 4319 875 4370 p.
891 4303 932 4354 81.
