3262 4926
800 403 1015 466 -66,

480 615 536 656 nec
560 593 670 657 totiena
687 600 818 675 possent
837 593 1010 675 generatim
1033 593 1137 657 saeclo
1159 592 1281 678 referre

480 703 627 760 naturam
648 717 748 760 mores
772 695 886 759 uectum
907 703 1068 781 mulctaque
1085 703 1268 779 paeonicam.

424 796 528 876 Quam
558 799 728 866 lectionem
759 817 830 865 cum
864 799 1091 865 Lachmannus
1125 804 1158 865 et
1187 798 1387 883 Bernaysins
1419 817 1489 862 non

337 901 548 984 respuissent,
574 902 737 968 Munroius
764 911 935 987 utromque
959 912 1090 986 possent
1117 902 1252 968 mutavit
1281 902 1314 968 in
1339 901 1484 984 possint.

338 1005 384 1068 Ac
407 1003 484 1069 mihi
506 1024 632 1088 quoque
648 1012 827 1090 temporum
844 1005 977 1072 mutatio
991 1006 1025 1071 in
1041 1006 1167 1072 duabus
1183 1005 1361 1090 epodoseos
1376 1005 1487 1090 parti-

337 1106 398 1172 bus
421 1107 613 1175 coordinatis
636 1129 656 1173 a
678 1109 889 1193 grammatica
907 1109 1033 1176 ratione
1048 1109 1219 1175 dissentire
1234 1107 1373 1174 videtur.
1414 1107 1484 1173 Sed

335 1229 375 1276 ne
404 1209 438 1275 in
466 1211 603 1276 Munroii
632 1210 762 1293 quidem
797 1212 973 1278 mutatione
1002 1211 1149 1296 quamvis
1174 1209 1261 1276 facili
1290 1210 1481 1292 acquiesco.

337 1311 500 1379 Habemus
528 1314 613 1380 enim
641 1315 951 1398 argumentationem
981 1313 1186 1394 indirectam,
1217 1331 1300 1396 quae
1328 1313 1393 1378 nisi
1416 1312 1484 1377 im-

337 1415 471 1500 perfecti
508 1418 571 1492 (vel
605 1418 920 1503 plusquamperfecti)
956 1418 1165 1484 coniunctivis
1194 1436 1215 1482 a
1243 1413 1391 1484 Lucretio
1420 1435 1483 1481 ex-

338 1537 453 1602 pressa
480 1539 545 1585 non
578 1528 638 1600 est.
686 1519 779 1599 Quod
808 1521 998 1605 intelleges,
1032 1521 1058 1586 si
1090 1539 1146 1586 eas
1176 1519 1263 1605 apud
1293 1518 1481 1585 Lucretium

338 1622 573 1688 enuntiationes
611 1623 848 1690 condicionales
884 1624 1072 1690 contuleris.
1105 1643 1187 1708 quae
1217 1623 1348 1703 eadem,
1380 1641 1482 1704 qnam

337 1724 501 1790 llunroius
524 1724 576 1791 hic
600 1727 722 1806 statuit,
750 1727 853 1792 forma
874 1727 1019 1810 insignes
1042 1733 1133 1794 sunt:

423 1827 448 1906 Ι,
475 1830 555 1893 809:
592 1829 656 1892 redi
683 1851 739 1893 noa
767 1830 877 1894 abac.
900 1830 1060 1906 .odt'acet,
1095 1831 1160 1894 uita
1187 1851 1308 1914 qaoque
1336 1830 1482 1893 omnibus

336 1953 353 1990 e
374 1930 502 1994 muts.
524 1982 530 1995 .
550 1933 742 1996 casoluatur.

422 2032 485 2115 111,
513 2036 591 2099 847:
624 2057 688 2112 neo,
721 2036 751 2099 εἰ
770 2037 932 2100 materiata
953 2045 1094 2101 nostram
1116 2035 1277 2120 collegerit
1298 2045 1386 2100 aelus
1402 2045 1482 2117 posi

336 2135 452 2200 odilam
481 2159 666 2221 rursumque
696 2139 852 2223 redegerit
880 2148 915 2202 at
942 2140 1005 2204 sita
1033 2161 1115 2203 nanc
1143 2148 1208 2215 eat,
1241 2147 1334 2223 atqua
1362 2139 1479 2202 ilerum

335 2238 423 2302 nobie
434 2240 567 2325 suerint
589 2242 666 2306 data
688 2241 807 2307 lumina
823 2241 915 2323 uitae,
936 2243 1099 2325 pertineat
1120 2243 1285 2327 quicquam
1309 2251 1412 2308 amen
1435 2243 1483 2304 od

334 2363 391 2404 noa
412 2342 448 2405 id
468 2365 586 2428 quoque
599 2345 742 2429 factum.

420 2445 481 2523 III,
500 2449 577 2511 902:
604 2449 688 2532 quod
708 2451 782 2512 bene
798 2448 829 2512 εἰ
848 2448 982 2524 uideant,
1001 2483 1044 2496 —
1059 2448 1234 2512 dissoluant
1250 2448 1480 2532 unanimoque

335 2571 367 2612 ae
390 2571 516 2633 angore.

424 2649 481 2730 111,
508 2657 587 2718 955:
614 2654 666 2717 dic
688 2655 718 2718 ai
738 2663 948 2739 queratur-
962 2677 1022 2720 aon
1045 2655 1156 2718 merito
1172 2654 1319 2718 inclamet
1339 2655 1396 2736 (so.
1415 2674 1479 2718 na-

336 2755 446 2838 toral?

421 2855 503 2921 Ibid.
533 2859 632 2922 1071:
658 2879 750 2942 quom
779 2861 834 2942 (sc.
853 2859 952 2925 morbi
968 2863 1111 2944 causam)
1140 2860 1213 2922 deae
1235 2860 1265 2922 εἰ
1278 2859 1394 2936 uideat,
1414 2859 1479 2922 t'am

335 2958 466 3042 quicque
488 2967 635 3024 naturam
652 2961 792 3043 primum
814 2963 939 3027 studeat
960 2985 1152 3047 cognoscere.

422 3059 478 3136 IV,
503 3066 583 3126 507:
616 3063 682 3128 uita
708 3085 828 3148 qaoque
850 3065 921 3146 ι’ρεα
943 3063 1087 3129 concidet
1108 3065 1281 3147 extemplo,
1314 3063 1378 3128 not
1407 3085 1478 3128 rre-

335 3163 409 3226 dere
429 3164 570 3228 amatas
596 3166 694 3230 uasis.

420 3265 501 3332 Ibid.
529 3269 609 3332 811:
635 3268 668 3330 ia
690 3269 783 3332 redas
806 3291 927 3354 qaoque
941 3270 1062 3353 opertis
1083 3290 1209 3333 noscere
1225 3267 1343 3351 postte,
1366 3269 1398 3332 ai
1414 3291 1479 3332 noa

333 3370 479 3434 advertas
500 3370 649 3436 animum.

419 3472 502 3538 Ibid.
539 3476 637 3538 1149:
675 3483 706 3537 et
728 3482 833 3538 tamen
855 3474 1026 3557 implicitae
1055 3497 1175 3559 qaoque
1202 3475 1306 3558 possea
1335 3475 1480 3560 effugere

335 3575 495 3661 infestum,
522 3575 586 3638 nisi
608 3584 672 3640 lule
696 3576 754 3641 titt
775 3576 882 3640 obuias
904 3579 1015 3641 obstes.

419 3678 502 3745 Ibid.
532 3681 631 3744 1180:
664 3701 754 3764 quem
777 3681 807 3744 si
827 3680 890 3745 iam
915 3729 920 3743 .
949 3681 1149 3767 .offenderit
1177 3701 1257 3744 caro
1284 3703 1348 3744 aaa
1370 3682 1476 3756 modo,

334 3803 445 3846 camos
468 3782 605 3846 obeundi
624 3791 767 3867 quaerat.

419 3885 457 3966 V,
488 3888 563 3949 195:
592 3887 676 3969 quod
695 3885 725 3949 ai
745 3887 808 3949 tam
830 3877 943 3950 raram⁴
955 3887 1095 3971 ignorem
1108 3886 1285 3969 primordia
1302 3909 1383 3971 quae
1398 3887 1476 3967 sint,

333 3986 391 4050 doc
413 3996 517 4050 tamea
540 4009 577 4051 ea
599 3987 676 4071 apsa
699 3990 781 4053 caeli
799 3989 974 4052 rationibus
996 3990 1098 4054 ausim
1120 3990 1315 4074 coafimare.

419 4089 501 4155 Ibid.
528 4093 607 4154 206:
634 4091 670 4154 id
689 4100 805 4156 neutra
828 4113 886 4156 aaa
909 4092 1095 4156 uisentibus
1118 4093 1260 4172 obducat,
1288 4091 1325 4156 ni
1347 4093 1394 4156 oia
1418 4093 1481 4156 ha-

331 4213 427 4256 mana
449 4191 587 4256 recalet.
1185 4212 1191 4220 ’

422 4293 475 4376 Vl,
502 4296 583 4359 tos:
616 4297 701 4380 qaod
720 4297 785 4359 uisi
798 4297 953 4378 respirent
968 4297 1063 4374 venti,
1088 4297 1135 4360 oie
1150 4297 1239 4360 ruello
1253 4299 1398 4382 refrenet
1413 4319 1478 4362 rea.
